1669 2839
801 106 863 149 40

153 217 367 256 mutatione
395 214 510 254 scribi
547 227 664 268 posse
691 217 772 255 vix
798 216 983 270 fugias,
1021 216 1060 255 id
1087 217 1368 259 fortasse.1non
1392 214 1507 267 plane

153 290 260 326 caret
285 284 570 339 probabilitate,
606 290 645 325 at
672 285 748 326 tale
777 291 906 327 tamen
933 291 1009 335 est,
1047 291 1090 327 ut
1114 285 1372 341 probabiliora
1398 287 1505 326 inve·

152 358 225 397 niri
250 358 407 413 possint.

256 576 296 616 In
324 578 436 631 primi
474 579 676 618 satirarum
711 577 794 617 libri
828 578 964 633 ecloga
992 578 1138 617 decima
1168 592 1236 618 eos
1262 585 1409 633 poetas,
1436 580 1501 633 qui

149 648 215 688 illo
244 654 420 703 tempore
445 654 515 689 suo
543 651 706 704 quisque
732 650 771 689 in
798 664 941 704 genere
970 650 1223 698 excellebant,
1249 652 1302 690 ita
1329 664 1500 690 comme-

147 726 272 760 morat
289 720 485 770 Horatius,
512 728 555 761 ut
581 721 702 762 tribus
721 721 917 770 Pollionis,
946 721 1062 770 Varii,
1091 720 1252 777 Vergilii
1278 722 1497 762 nominibus

147 782 326 847 quartum
352 793 467 833 addat
495 793 752 842 Fundanium,
789 796 964 849 ignotum
991 794 1160 848 alioquin
1192 794 1407 842 hominem,
1449 795 1499 834 de

147 878 224 920 quo
253 878 302 905 ne
334 869 488 904 veteres
515 865 671 920 quidem
706 870 1032 906 commentatores
1072 866 1278 921 quicquam
1319 866 1498 906 videntur

146 939 328 979 traditum
364 941 578 993 accepisse,
619 954 739 994 quum
766 938 858 980 nihil
887 939 1031 988 dicant,
1073 941 1144 980 nisi
1172 941 1379 993 ‘optimum
1407 953 1495 979 eum

148 1010 560 1065 comoediographum'
588 1012 717 1051 fuisse.
756 1009 832 1066 Ipsi
859 1026 995 1051 versus
1020 1012 1058 1052 hi
1077 1017 1166 1052 sunt
1185 1012 1251 1062 (40
1269 1014 1386 1066 sqq‚):

327 1090 463 1138 arguta
490 1086 695 1125 meretrice
722 1089 833 1138 potes
861 1070 1054 1139 Davoque
1082 1084 1292 1124 Chremeta

326 1155 505 1196 eludente
533 1169 667 1199 senem
694 1157 816 1195 comis
843 1158 986 1210 garrire
1012 1155 1163 1195 libellos

326 1242 426 1268 unus
452 1229 642 1277 vivorum,
671 1228 856 1268 Fundani.

143 1299 254 1340 Haec
279 1300 346 1354 qui
369 1301 420 1339 ita
448 1300 756 1355 interpretantur,
784 1304 827 1338 ut
860 1300 1084 1339 universum
1123 1298 1362 1339 enuntiatum
1403 1299 1496 1337 satis

145 1373 266 1414 libere
302 1372 630 1420 circumscribant,
662 1386 801 1426 resque
830 1378 868 1411 et
895 1371 1026 1419 verba,
1058 1378 1101 1411 ut
1125 1374 1217 1426 ipsis
1244 1371 1348 1418 libet,
1385 1371 1496 1415 aliter

149 1451 187 1484 et
213 1450 359 1500 ponant
386 1450 425 1484 et
452 1445 705 1498 coniungant,
737 1443 839 1498 quod
868 1444 1024 1497 quidem
1053 1445 1127 1482 iam
1156 1443 1242 1482 inde
1271 1457 1293 1482 a
1321 1441 1494 1482 Lambini

149 1524 275 1558 aetate
314 1519 489 1557 fecerunt
527 1500 719 1571 plerique:
760 1517 786 1554 ii
813 1517 891 1555 otio
921 1530 1012 1556 sane
1041 1531 1110 1556 suo
1140 1518 1295 1570 egregie
1322 1522 1497 1570 parcunt,

147 1603 240 1629 num
267 1588 393 1628 officio
428 1588 673 1634 satisfaciant,
706 1587 777 1641 ipsi
805 1587 979 1626 viderint.
1033 1588 1130 1627 Audi
1159 1588 1275 1627 modo
1302 1600 1497 1626 summum

146 1661 314 1716 alioquin
340 1661 548 1709 hominem,
576 1658 824 1699 Lambinum:
851 1666 921 1713 ιιιι,
949 1660 1132 1708 Fundani,
1160 1674 1258 1700 unus
1282 1660 1404 1708 exiis,
1430 1661 1495 1713 qui

146 1734 291 1782 vivunt,
319 1738 432 1787 potes
451 1733 622 1772 omnium
651 1731 794 1785 optime
822 1732 1061 1772 comoediam
1090 1732 1277 1772 seribere:
1305 1738 1348 1772 tu
1375 1734 1498 1775 omni÷

147 1805 219 1845 bus
246 1804 466 1844 hominibus
506 1809 682 1858 praestas
708 1805 747 1843 in
773 1803 985 1843 scribendis
1025 1805 1252 1844 comoediis:
1294 1806 1331 1843 in
1359 1803 1498 1858 quibus

144 1877 377 1918 inducuntur
391 1876 613 1916 meretrices
631 1880 792 1930 argutae
812 1879 851 1914 et
869 1877 970 1916 servi
989 1876 1164 1917 dominos
1177 1876 1357 1917 fallentes·
1375 1874 1496 1915 dolis?

147 1949 298 1990 Omissa
335 1952 407 1990 ista
447 1949 721 2003 interpretandi
759 1948 932 1995 levitate,
981 1950 1047 2002 qui
1086 1949 1302 1988 accuratius
1346 1947 1497 2002 singula

1499 1903 1521 1925 a

145 2022 270 2061 rimati
301 2026 408 2067 sunt,
436 2020 709 2059 intellexerunt
735 2019 831 2066 fere,
859 2019 986 2057 inesse
1013 2020 1051 2058 in
1072 2019 1146 2058 illis
1174 2019 1368 2067 versibus,
1397 2031 1498 2073 quae

146 2105 383 2147 magnopere
411 2090 666 2130 offenderent:
707 2095 796 2129 sunt
823 2095 952 2129 autem
979 2095 1057 2130 tam
1085 2092 1226 2140 multa,
1252 2096 1307 2140 ut,
1333 2105 1433 2145 quae
1459 2091 1498 2134 in

148 2162 549 2217 codicibusleguntur,
569 2160 674 2202 nullo
688 2162 805 2202 modo
825 2161 979 2202 tolerari
998 2177 1112 2217 posse
1127 2164 1343 2212 videantur3
1362 2175 1499 2217 quam-

148 2248 302 2290 cunque
343 2236 445 2274 enim
485 2234 670 2274 enuntiati
703 2239 853 2287 partem
892 2239 1044 2296 tanges,
1084 2234 1212 2274 hiulca
1239 2240 1355 2289 atque
1382 2241 1499 2288 aegra

149 2307 322 2348 invenies
349 2308 487 2347 omnia.
543 2306 739 2357 Quorsum
765 2306 891 2359 igitur,
918 2312 962 2345 ut
987 2307 1165 2360 incipiam
1192 2320 1220 2345 a·
1241 2306 1384 2359 primis,
1412 2316 1501 2360 spe.-

150 2384 257 2419 ctant
293 2379 448 2419 ablativi
482 2377 535 2418 illi
582 2381 737 2431 ⁴arguta
777 2378 999 2418 meretrice’
1029 2383 1067 2417 et
1094 2376 1223 2431 ‘Davo
1243 2391 1394 2420 ,senem
1420 2376 1503 2417 elu-

150 2450 293 2501 dente',
335 2454 416 2493 sive
443 2451 491 2492 ab
519 2452 774 2495 instrumento
809 2451 892 2490 sive
926 2465 948 2490 a
976 2463 1090 2491 causa
1119 2449 1392 2504 appellantur?
1443 2448 1502 2489 Ad

153 2530 283 2577 ‘potes
315 2525 461 2579 garrire
494 2521 674 2569 libellos',
712 2522 897 2574 inquiunt.
954 2524 1003 2561 At
1037 2520 1160 2573 qualis
1193 2521 1291 2560 haec
1326 2527 1385 2560 est
1416 2532 1503 2557 ver-

1234 2594 1260 2632 4
