1669 2839
801 80 860 128 ⁷2

148 200 278 251 inepta
304 197 405 237 foret
431 195 599 242 licentia,
640 206 766 248 neque
793 191 915 232 ullum
942 193 1039 232 eius·
1053 191 1272 246 exemplum
1299 192 1498 247 proferunt

151 273 305 322 praeter
337 267 441 308 illam
480 265 724 321 vulpeculam
752 266 942 305 frumento
983 270 1147 328 pasta,
1173 264 1283 318 epist.
1310 263 1336 303 Ι.
1371 266 1406 303 7.
1434 264 1498 310 29,

151 353 252 396 quae
279 340 371 379 mihi
398 338 553 392 quidem
582 351 605 375 a
633 335 810 376 Bentleio
844 336 996 376 videtur
1030 334 1203 391 iugulata
1238 346 1334 373 esse.
1390 332 1499 373 Talia
1567 363 1577 371 .

153 425 273 465 quum
312 423 388 449 non
430 408 596 448 debeant
629 420 699 461 pro
737 407 954 464 Horatianis
994 407 1142 453 haberi,
1185 417 1319 445 verum
1358 404 1499 444 vidisse

154 494 294 521 censeo
329 493 415 527 eos,
457 480 522 533 qui
551 493 572 518 e
601 477 763 532 Cruquii
789 478 956 523 editione
996 491 1065 533 pro
1094 487 1206 531 ‘num'
1239 480 1363 516 tanto'
1391 481 1499 530 ‘num

151 551 317 591 tantum'
345 555 587 604 receperunt,
617 555 656 587 et
682 549 758 588 illa·
773 552 911 602 maior
938 549 1110 590 dimidio'
1138 549 1185 588 ad
1211 552 1373 587 matrem
1395 551 1500 586 retu-

151 621 289 680 lerunt,
316 621 369 660 ita
387 627 429 661 ut
446 622 539 676 ipsa,
568 633 688 674 quum
715 619 766 659 ita
794 635 836 660 se
864 621 1044 669 inssasset‚
1071 625 1114 659 ut
1127 624 1209 658 toto
1238 618 1390 678 dimidio
1418 632 1499 659 ma·
1554 634 1560 637 ·

148 679 344 741 menet,
371 706 488 747 quam
507 697 629 765 antga
638 693 773 739 fuerat,
800 694 940 731 iterum
968 691 1203 746 quaesivisse
1221 690 1380 756 dicatur,
1406 700 1500 731 num

144 747 207 803 ita
371 764 420 804 ad
448 763 558 809 bavis
584 763 887 818 magnitudinem
913 763 1127 803 accederet.
1182 761 1297 812 Quod
1325 763 1389 816 qui
1417 776 1501 802 cre—

153 832 278 878 Μ’
439 826 507 882 nt,·
520 835 608 888 quia
636 833 749 888 plane
775 835 1037 874 necessarium
1064 833 1344 881 existimabant,
1372 840 1414 873 ut
1439 848 1500 874 re-

151 885 420 971 ⁸1³de
436 906 484 946 ad
512 904 675 960 primam
702 907 834 945 matris
863 906 1145 959 quaestionem,
1180 906 1205 944 ii
1232 911 1338 945 recte
1370 906 1499 960 dispu-

151 982 255 1018 tasse
281 978 513 1025 viderentur,
540 977 572 1016 si
599 978 823 1032 responderi
849 978 1004 1017 omnino
1032 989 1109 1016 non
1135 981 1278 1031 posset,
1305 976 1378 1016 nisi
1403 989 1500 1017 voce

151 1055 268 1104 atque
296 1049 442 1107 verbis:
477 1053 638 1103 apparet
667 1049 714 1088 de
741 1054 855 1103 gestu
882 1048 1009 1103 aliquo
1038 1048 1285 1103 cogitandum
1300 1062 1396 1096 esse,
1423 1050 1500 1088 for-

150 1127 254 1160 tasse
281 1120 329 1161 de
356 1121 492 1174 capitis
518 1119 734 1160 iactatione.
782 1122 838 1160 Ac
866 1120 1122 1174 neglexerunt
1147 1120 1273 1167 iidem,
1302 1120 1404 1173 quod
1433 1119 1501 1158 ali—

151 1193 481 1249 quanffi2gravius
509 1197 585 1238 est,
624 1197 778 1247 postea,
815 1191 883 1232 ubi
909 1193 991 1247 ipse
1028 1190 1156 1246 pullus
1192 1191 1379 1245 loquitur,
1420 1192 1500 1242 eius

151 1262 324 1304 sei'monf
350 1264 514 1318 fiuquit'.
533 1264 804 1317 interpositum
832 1278 934 1303 esse:
969 1268 1046 1317 'quo
1067 1264 1149 1315 ipso
1169 1262 1327 1301 indicari
1355 1263 1499 1316 opinor,

151 1348 242 1374 eum
262 1334 322 1374 ibi
348 1335 506 1390 demum
520 1333 627 1388 loqui
653 1336 833 1389 incipere,
863 1340 988 1389 qou‘n-
1010 1339 1122 1374 antea
1149 1333 1232 1373 solo
1259 1338 1355 1373 nutu
1372 1333 1500 1381 ‚diser-

150 1409 213 1445 tus
239 1406 364 1446 fuerit.

252 1476 388 1517 Paullo
418 1476 605 1518 difficilior
633 1478 853 1519 alterlocus
873 1484 941 1526 est,
962 1484 1001 1518 at
1018 1491 1218 1533 perperam
1246 1483 1376 1518 tamen
1402 1478 1500 1517 inter

150 1549 376 1602 desperatos
402 1551 566 1604 ponitur.
622 1548 703 1587 Sat.
734 1548 758 1587 1.
787 1549 822 1587 4.
851 1551 876 1589 8
902 1565 984 1604 sqq.
1019 1549 1210 1596 acerbius,
1238 1554 1281 1587 ut
1308 1548 1423 1596 solet,
1452 1549 1500 1587 de

148 1618 297 1661 Luciiio
331 1621 475 1661 iudicat
520 1619 722 1660 Horatius:
763 1634 879 1675 quem
906 1627 1111 1676 postquam
1143 1620 1228 1660 ideo
1268 1619 1500 1677 lutulentum

142 1692 270 1732 fluere
297 1692 410 1740 dixit,
444 1693 547 1747 quod
574 1704 707 1731 morae
740 1681 943 1747 impatiens
971 1694 1084 1732 nimis
1109 1694 1147 1732 in
1174 1692 1386 1732 scribendis
1412 1706 1499 1731 ver-

149 1762 255 1804 sibus
281 1768 538 1818 properasset,
566 1763 618 1802 ita
645 1764 862 1818 pergit'ffv:
882 1765 929 1803 12
956 1766 1075 1819 sqq.):

303 1834 481 1890 garrulus
509 1840 625 1889 atque
652 1836 762 1889 piger
788 1835 979 1875 scribendi
1005 1836 1111 1875 ferre
1131 1834 1315 1883 laborem,

303 1906 638 1955 scribendivrecte,
664 1920 755 1947 nam
782 1912 825 1947 ut
851 1907 1015 1947 multum
1041 1907 1095 1948 nil
1121 1921 1262 1962 moror.
1292 1922 1383 1950 ecce
1452 1947 1456 1950 .

303 1977 506 2033 Crispinus
533 1979 690 2019 minimo
718 1994 780 2019 me
808 1985 1023 2033 provocati
1040 1981 1212 2034 ‘Accipe‚
1241 1982 1272 2020 si
1301 1982 1369 2027 vis,

305 2052 491 2105 accipiam
520 2050 682 2097 tabulas,
711 2050 822 2090 detur
848 2050 958 2089 nobis
984 2050 1104 2099 locus,
1132 2051 1237 2100 hora,

304 2122 737 2168 custodesrvideamus
764 2128 851 2162 uter
878 2121 964 2176 plus
992 2122 1159 2163 scribere
1187 2124 1328 2177 possit.'

146 2194 211 2233 De
238 2194 314 2238 hoc
342 2193 430 2240 loco
473 2182 573 2246 quae
611 2197 764 2244 veteres
803 2199 1128 2233 commentatores
1164 2196 1412 2249 scripserunt,
1451 2208 1497 2234 eo

149 2266 227 2305 fere
271 2265 452 2313 redeunt,
494 2270 536 2304 ut
570 2264 632 2304 illa
665 2266 842 2318 „minimo
870 2280 933 2305 me
971 2266 1176 2319 provocat'
1205 2281 1226 2305 e
1253 2265 1499 2321 ‘proverbiali

149 2337 443 2378 consuetudinet
470 2337 585 2378 ducta
615 2350 700 2376 esse
715 2343 908 2385 moneant,
935 2338 1043 2378 cuius
1064 2339 1324 2392 interpretatio
1344 2351 1365 2376 a
1385 2343 1497 2392 gestu

148 2409 358 2463 repetenda
378 2409 442 2447 sit:
474 2409 657 2449 usitatum
686 2410 785 2449 enim
806 2411 935 2457 fuisse,
965 2416 1016 2459 ut,
1036 2411 1100 2464 qui
1129 2410 1341 2465 significare
1369 2409 1495 2457 vellet,

144 2480 227 2520 sive
254 2494 297 2521 se
323 2480 449 2533 ipsum
477 2481 562 2521 sive*
586 2480 702 2521 alium
739 2483 957 2536 quempiam
992 2467 1055 2521 rel
1083 2482 1238 2522 minimo
1267 2480 1383 2535 digito
1413 2486 1496 2521 tan·

139 2632 161 2660 ἐς
