1669 2839
694 89 785 153 1³19

313 216 579 263 contaminato
606 230 713 260 eum
722 216 842 275 grege
867 219 1034 274 turpium

309 291 457 334 verbo
486 290 667 331 virorum.

70 368 166 411 viri
193 365 294 407 enim
314 362 505 443 spadones
524 375 600 404 non
617 376 666 404 re
682 367 801 413 erant,
827 363 896 405 sed
923 362 1084 414 verbo,
1112 363 1293 430 quoniam
1308 363 1408 405 viro-

70 456 153 483 rum
178 438 331 480 nomina
357 422 560 476 habebant.

173 505 455 552 Carm.1V·.4.
486 506 534 546 13
560 521 665 563 sqq.:

295 625 310 636 q,
362 578 565 634 qualemve
590 578 700 620 laetis
726 592 865 635 caprea
893 581 1048 634 pascuis

361 652 506 692 intenta
534 650 662 691 [ulvae
688 652 817 692 matris
844 651 892 691 ab
919 651 1040 692 ubere

359 724 435 764 iam
461 713 562 783 lacte
590 714 792 779 depulsum
818 722 971 763 leonem

362 797 475 838 dente
501 807 603 837 novo
631 796 797 852 peritura
824 796 933 837 vidit:

357 870 491 910 'videre
517 866 649 909 Raetis
676 866 775 909 bella
802 868 871 908 sub
902 868 1061 927 Alpibus

360 941 531 983 Drusum
557 946 754 997 gerentem
783 939 980 983 Vindelici.

68 1017 130 1059 De
156 1016 215 1057 his
242 1014 419 1056 versibus
446 1028 544 1071 quae
572 1014 728 1070 copiose
746 1013 952 1068 disputavit
969 1005 1178 1075 Bentleius,
1204 1016 1252 1056 ab
1271 1030 1406 1058 recen·

66 1079 222 1131 fioribus
250 1085 384 1142 e‘adem
413 1079 451 1127 et
476 1086 635 1142 probata
662 1092 753 1139 sunt
776 1092 814 1126 et
840 1083 917 1127 non
943 1075 1136 1143 probata,
1161 1088 1275 1140 Quod
1303 1090 1404 1131 enim

66 1161 230 1218 negavit,
257 1160 402 1201 ubere
429 1164 498 1215 pro
518 1155 706 1210 adiectivo
728 1157 858 1200 haberi
878 1172 1005 1214 posse,
1031 1161 1083 1200 ita
1102 1166 1145 1201 ut
1161 1160 1256 1202 haec
1283 1161 1403 1213 ‘lacte

67 1234 200 1276 ubere'
228 1236 569 1289 coniungerentur,
608 1233 646 1274 in'
673 1247 737 1281 eo,
771 1247 1003 1289 quamquam
1029 1234 1199 1276 nonnulli
1226 1234 1404 1277 reluctari

67 1296 248 1363 pergunt,
290 1305 495 1360 plerosque
532 1309 570 1343 et
604 1301 916 1359 prudentissimos
954 1306 1107 1360 'quidem
1146 1307 1407 1346 adsentientes

67 1379 216 1436 habuit:
258 1378 362 1434 quod
388 1391 481 1418 vero
514 1376 682 1434 leonem,
724 1377 788 1433 qui
816 1378 962 1431 ‘matris
988 1377 1035 1418 ab
1048 1378 1180 1419 'ubere
1207 1378 1405 1434 depulsus‘

66 1452 141 1491 iam
168 1451 292 1492 dictus
334 1456 453 1499 esset,
492 1463 570 1490 non
608 1435 723 1505 posse
749 1451 787 1489 in
815 1449 952 1489 eodem
987 1464 1109 1505 paene
1141 1464 1257 1490 versu
1291 1452 1404 1491 etiam

66 1525 165 1565 laete
193 1524 395 1579 depulsum
422 1524 495 1563 dici
522 1517 728 1571 contendit,
763 1523 801 1563 id
828 1515 910 1562 eius
938 1522 1136 1564 decretum
1162 1538 1236 1564 non
1266 1524 1404 1565 desunt

69 1599 130 1655 qui
167 1596 400 1653 impugnent.
449 1596 514 1640 ,At
548 1581 609 1636 isti
649 1595 803 1651 quidei'n
842 1593 1021 1650 plumbeo
1064 1594 1191 1651 gladio
1230 1594 1403 1651 iugulare

68 1659 252 1712 conan'tur
265 1670 371 1711 illum
398 1683 591 1725 ‘asperum
610 1670 714 1709 tactu
731 1668 905 1714 leonem)
945 1667 1046 1708 Nam
1072 1668 1174 1723 quod
1187 1669 1267 1725 fere
1287 1668 1405 1718 aiunt,

67 1743 184 1799 ⁴lacte
202 1741 403 1798 significari
420 1741 470 1791 id,
498 1755 519 1781 a
535 1740 642 1781 cuius
661 1754 733 1781 usu
752 1739 998 1796 prohibeatur
1017 1740 1081 1796 qui
1096 1754 1117 1799 a
1135 1741 1267 1780 matris
1285 1739 1405 1782 ubere

55 1801 308 1872 ‘depfellaturss
336 1815 373 1854 id
402 1818 441 1853 et
460 1797 590 1870 ¹ipsum
622 1819 727 1873 recte
753 1827 795 1853 se
822 1813 954 1862 habet,
982 1819 1020 1852 et
1045 1815 1199 1853 minime
1225 1813 1404 1854 credibile

68 1887 127 1929 est
152 1888 240 1928 talia
267 1879 484 1927 Bentleium
511 1900 589 1927 non
616 1887 874 1942 perspexisse:
902 1891 941 1926 at
966 1885 1069 1940 quod
1095 1886 1182 1926 inde
1209 1886 1404 1942 coliigunt,

69 1960 238 2013 ‘leonem
279 1960 359 1998 sine
401 1958 607 1999 verborum
648 1958 876 2006 abundantia
903 1957 949 1997 ab
977 1957 1096 1999 ubere
1136 1960 1267 1998 matris
1304 1958 1404 1999 lacte

70 2026 270 2084 depulsum
299 2030 371 2070 dici
399 2032 598 2085 potuisse'‚
636 2030 784 2071 temere
817 2043 863 2070 ac
902 2034 1097 2085 tamquam
1132 2030 1178 2070 de
1212 2029 1402 2085 Delphico

70 2101 220 2157 tripode
244 2101 283 2141 id
308 2101 445 2156 ipsum,
473 2103 521 2143 de
548 2118 624 2159 quo
651 2104 864 2159 ambigitur,
900 2089 969 2159 pro
998 2107 1101 2143 certo
1129 2108 1243 2158 atque
1271 2103 1405 2159 explo-

72 2177 155 2214 rato
175 2178 330 2230 ponunt.
370 2171 501 2231 Itaque
527 2176 751 2233 negabimus
779 2190 857 2227 eos,
885 2176 949 2234 qui
968 2181 1045 2224 tam
1064 2189 1140 2216 non
1158 2175 1273 2216 firmis
1291 2190 1405 2234 argu-

73 2246 209 2287 mentis
236 2252 316 2286 ret'n
343 2246 482 2304 confici,
504 2261 619 2302 posse
646 2250 907 2304 opinabantur,
934 2252 973 2290 in
995 2248 1168 2289 Bentleio
1196 2249 1405 2296 refellendo

74 2319 281 2374 quiequam
302 2312 529 2373 profecisse,
569 2333 623 2377 aq„
643 2321 766 2363 donec
804 2322 1104 2363 demonstratum
1123 2336 1125 2338 ·
1144 2321 1407 2370 erit„‚decere

58 2390 208 2444 *poetas
247 2390 388 2446 lyritbs
405 2390 568 2451 'zeodem
597 2397 769 2448 tempore
798 2401 835 2436 et
861 2395 1027 2436 carmina
1054 2407 1223 2449 pangere
1245 2400 1290 2449 ‘et
1316 2389 1414 2436 suo->

80 2474 164 2502 rum
191 2451 658 2519 carminum'interpretes'
676 2463 807 2522 agere,
848 2476 923 2508 n'on
939 2465 1223 2516 ¹dubitabimus,
1250 2468 1340 2524 quin
1367 2468 1406 2509 in

77 2532 142 2576 illo
168 2537 357 2580 vocabulo
385 2535 601 2595 corruptela
627 2537 752 2596 aliqua
777 2540 902 2584 lateat.
929 2539 1018 2583 ‘De
1043 2541 1127 2600 ipsa
1155 2556 1248 2586 vero
1276 2555 1406 2586 emen·
