1669 2839
667 55 851 107 88

141 169 326 218 amium,
350 166 418 209 lul.
446 167 584 210 Franc.
610 166 825 226 Lanarum,
853 173 914 216 ut,
938 169 1087 210 reiecta
1108 168 1265 211 illorum
1291 164 1501 218 sententia,

146 245 275 281 totum
303 235 354 281 de*
378 239 571 294 Elpenore
603 239 734 280 locum
771 240 819 282 ab
846 241 1024 295 imperito
1050 240 1333 296 interpolatore.
1353 240 1501 282 flome-

145 316 235 355 ricis
274 313 542 365 interpositum
582 312 838 365 iudicaretjn
871 313 1098 365 quaestione
1132 313 1341 353 Homerica
1374 315 1498 367 prima

145 400 182 439 p.
211 386 262 423 20
281 397 363 437 sqq.
399 380 485 421 Soli
512 380 684 421 Tiresiae
702 396 723 421 a
744 355 973 437 ff‘oserpina
1001 396 1231 423 concessum
1258 388 1348 432 erat,
1375 389 1418 423 ut
1442 385 1501 436 in-

146 461 205 497 ter
232 468 352 496 vanas
379 459 497 509 atque
520 454 657 495 inanes
683 454 840 495 umbras
868 456 1016 495 ratione
1049 457 1199 511 vigeret
1236 454 1327 507 (Οά.
1354 457 1498 509 κ494).

142 526 280 582 Itaque
306 526 527 581 adloquitur
553 526 695 568 Ulixen
722 541 744 568 a
773 541 815 567 se
847 528 1022 583 agnitum
1049 528 1073 568 λ
1100 527 1170 567 92:
1207 532 1250 568 at
1275 528 1499 583 priusquam

141 601 346 641 vaticinari
360 600 505 653 incipit,
533 601 616 653 ipse
645 614 801 654 quoque
829 602 1054 655 sanguinem
1082 605 1191 653 potat
1215 615 1252 640 v.
1271 601 1334 640 96.
1378 599 1500 641 Recte

144 672 263 726 igitur
285 671 439 711 videtur
467 669 692 710 scholiastes
716 670 817 728 haec
843 672 892 712 ad
921 672 946 710 λ
971 673 1018 711 51
1049 671 1270 725 scripsisse:
1303 668 1330 712 ὁ
1361 675 1499 726 Τειρε-

144 742 239 793 σίας
279 744 409 784 πίνων
445 744 520 784 τοῦ
552 741 728 793 αἵματος
768 741 1028 795 ἐμαντεύετο,
1070 741 1114 784 αἶ
1143 743 1191 784 δὲ
1218 738 1345 784 gissa,
1366 743 1501 799 ψυχαὶ

143 814 342 858 πίνουσαι
381 813 670 869 ἐπεγίνωσκονε
722 815 945 857 Buttmanni
985 817 1087 856 enim
1123 816 1344 856 coniectura
1382 812 1430 856 αἵ
1454 827 1499 855 σε

142 890 277 929 nescio
295 903 344 928 an
366 893 635 941 corrumpatur
649 889 849 934 sententia,
870 901 947 931 non
967 887 1206 927 emendetur.
1245 886 1342 927 Eam
1371 892 1498 927 tamen

145 960 392 1016 diligentiam,
420 972 521 1014 quae
547 958 752 998 laudabilis
769 963 827 999 est
844 959 882 998 in
901 958 1163 1014 grammatico,
1193 958 1231 998 in
1250 962 1363 1012 poeta
1382 971 1497 998 nemo

144 1032 258 1073 facile
286 1033 474 1086 requiret,
503 1046 548 1072 ac
576 1045 646 1071 suo
681 1032 765 1071 iure
793 1045 885 1071 usus
919 1036 980 1070 est
1008 1030 1208 1079 Horatius,
1249 1031 1293 1078 si,
1318 1030 1497 1085 neglecta

141 1103 207 1144 illa
232 1104 496 1150 distinctione,
539 1108 713 1141 mortuos
754 1104 910 1142 omnino
946 1116 1080 1141 omnes
1114 1114 1294 1141 sermone
1322 1106 1497 1141 carentes

142 1173 246 1221 fecit,
274 1174 345 1213 nisi
371 1174 528 1228 quando
549 1173 684 1215 Ulixes
711 1173 847 1228 aliquis
875 1175 924 1215 ad
951 1175 1092 1215 inferos
1121 1173 1382 1215 descenderet.
1422 1172 1496 1213 Ita·

141 1258 219 1298 que
246 1244 538 1286 Blandiniorum
567 1246 746 1286 codicum
771 1247 1000 1286 auctoritate
1028 1248 1148 1286 fretus
1176 1245 1275 1285 haec
1292 1244 1496 1285 Horatium

140 1317 341 1370 scripsisse
367 1319 550 1358 coniicio:
1261 1370 1264 1372 ι

298 1388 491 1429 difficilem
521 1395 559 1445 et
584 1403 785 1429 morosum
813 1390 981 1429 offendet
1008 1388 1203 1444 garrulus:
1230 1387 1355 1427 ultra

298 1474 383 1500 nos
408 1462 527 1500 etiam
554 1462 678 1510 sileas,
706 1461 843 1502 Davus
872 1462 924 1500 sis
951 1461 1124 1501 comicus
1151 1464 1267 1513 atque

299 1537 377 1571 stes
404 1533 530 1585 capite
560 1533 711 1587 obstipo
740 1531 904 1572 multum
931 1531 1063 1571 similis
1089 1531 1287 1570 metuenti.

141 1600 269 1654 „Ultra
296 1609 472 1643 mortuos
501 1603 630 1643 silere'
657 1605 749 1658 quid
774 1604 852 1643 hoc
876 1603 965 1643 loco
993 1604 1051 1650 sit,
1079 1602 1191 1642 facile
1219 1603 1339 1642 estad
1357 1601 1495 1642 intelli-

140 1674 323 1726 gendum,
352 1688 471 1727 quum
501 1689 603 1715 nove
629 1676 807 1723 sortasse,
847 1681 886 1714 at
911 1680 1018 1714 recte
1046 1679 1085 1713 et
1116 1674 1315 1726 ingeniose
1340 1672 1494 1713 locutus

140 1745 188 1784 sit
205 1751 332 1798 poeta.
376 1745 526 1786 Tacent
544 1748 645 1786 enim
662 1747 726 1787 illa
745 1745 895 1788 νεκύων
923 1744 1099 1798 ἀμενηνὰ
1118 1742 1281 1798 κάρηνα,
1307 1750 1349 1785 at
1367 1749 1496 1785 tacent

140 1828 229 1854 cum
256 1817 447 1869 gravitate
475 1819 771 1857 ac.maiestate:
800 1817 902 1857 Ulixi
921 1817 970 1857 ad
991 1816 1132 1856 servile
1160 1822 1275 1870 atque
1301 1815 1494 1855 abiectum

137 1885 241 1927 Davi
282 1887 476 1930 silentium
519 1889 832 1930 descendendum
872 1894 944 1929 est.
997 1888 1106 1929 Haec
1147 1888 1313 1942 deniqne
1351 1887 1494 1941 ‘capite

139 1957 310 2012 obstipo'
339 1965 445 2000 recte
486 1960 579 2000 mihi
619 1962 772 2001 videtur
800 1962 846 2000 A.
874 1959 1080 1999 Terentius
1107 1960 1281 1999 Scaurus
1304 1959 1494 2012 interpres

138 2034 241 2070 tatus
260 2043 359 2079 esse,
387 2047 504 2087 quem
532 2033 628 2087 ‘divi
649 2030 832 2071 Hadriani
860 2031 1097 2086 temporibus
1114 2031 1411 2087 grammaticum
1427 2028 1493 2071 vel

137 2102 438 2142 nobilissimum'
467 2105 595 2151 fuisse,
640 2104 789 2142 Gellius
817 2103 925 2141 testis
954 2107 1012 2141 est
1037 2102 1105 2142 XI.
1132 2104 1194 2142 15.
1221 2103 1258 2142 3.
1312 2101 1413 2141 Nam
1444 2102 1493 2140 ad

135 2172 258 2221 illum,
285 2187 403 2227 quem
432 2175 731 2215 commentarois
746 2175 785 2214 in
800 2179 924 2213 artem
951 2175 1144 2228 poeticam
1170 2175 1370 2229 scripsisse
1387 2186 1492 2213 :con-

137 2250 223 2291 stat,
246 2258 327 2284 non
356 2245 489 2284 dubito
515 2247 608 2299 quin
636 2245 836 2285 referenda
866 2246 949 2292 sint,
979 2259 1084 2298 quae
1109 2246 1360 2300 Cmquianus
1385 2257 1491 2283 com-

135 2321 326 2356 mentator
340 2315 473 2357 habet:
501 2316 688 2371 ιοἰνειὶρο]
709 2315 798 2363 fixo,
817 2315 1015 2365 immobili,
1036 2318 1145 2365 tristi,
1164 2317 1239 2365 vel,
1259 2320 1302 2355 ut
1317 2313 1491 2355 Scaums

134 2386 237 2432 dicit,
264 2387 447 2428 inclinato
474 2390 513 2428 in
540 2388 705 2427 alterum
731 2387 960 2427 humerum.’
1011 2388 1071 2427 Ac
1098 2387 1236 2426 Scauri
1262 2387 1491 2427 auctorit-u

130 2459 248 2499 etiam
267 2457 480 2514 porphyrio
507 2460 570 2501 hic
597 2473 691 2501 usus
717 2464 795 2499 est.-
822 2472 925 2513 quae
953 2459 1056 2518 enim
1083 2471 1187 2498 nunc
1212 2458 1252 2498 in
1276 2457 1363 2499 eius
1379 2460 1490 2501 ffl-
