1669 2839
804 144 868 191 4³

350 261 387 296 et
414 256 496 295 sine
523 244 695 309 pondere
721 260 832 294 erunt
859 261 898 295 et
923 255 1070 296 honore
1098 255 1253 310 indigna
1279 256 1459 304 ferentur,

349 327 470 367 verba
492 341 659 367 movere·
677 327 777 374 loco,
805 329 979 385 quamvis
1006 328 1124 370 invita
1150 328 1334 367 recedant

349 405 388 438 et
414 403 616 438 versentur
642 398 768 439 adhuc
793 399 897 439 intra·
917 398 1126 454 penetralia
1151 397 1307 439 Vestae.

167 470 230 511 De
248 471 368 510 verbo
395 471 633 518 ferentur,
661 471 765 524 quod
791 470 916 510 solum
938 471 1218 524 impeditiorem
1243 471 1370 511 reddit
1387 471 1508 511 facilis

166 540 334 596 alioquin
366 532 448 581 Ioci.
470 540 780 596 explicationem,
820 545 903 579 tres·
935 541 1174 594 potissimum
1210 543 1421 583 sententiae
1458 543 1506 583 ab

166 613 436 668 interpretibus
464 620 553 654 sunt
578 614 690 653 latae.
711 612 809 652 ‘Alii
837 613 948 660 enim,
975 625 1095 666 quum
1121 613 1393 661 meminissent,
1419 616 1507 654 ferri

168 698 237 725 eos
263 685 380 724 libros
408 685 499 736 dici,
539 685 604 739 qui
630 686 669 724 in
696 684 901 724 hominum
927 684 1102 723 manibus
1129 684 1225 731 sint,
1259 685 1389 739 itaque
1416 686 1508 726 olim

167 756 357 803 Lucilium
394 757 568 796 locutum
609 769 695 795 esse
740 757 818 808 (ap.
845 753 1027 795 Nonium.
1053 755 1089 793 4.
1120 756 1208 806 186)
1248 760 1306 808 ⁸et
1340 756 1422 795 sola
1458 772 1507 797 ex

168 828 296 869 multis
323 843 424 869 nune
450 833 581 868 nostra
622 831 799 881 poemata
826 826 943 874 ferri',
984 826 1122 866 eodem
1160 828 1242 867 iure
1270 826 1318 867 ab
1345 828 1506 870 Horatio

167 900 316 956 singula
344 901 459 939 etiam
486 898 673 938 vocabula
701 899 817 937 ferri
845 898 947 938 dicta
975 911 1061 937 esse
1088 899 1364 938 existimarunt.
1420 900 1506 948 Alii,

168 972 215 1012 ab
242 972 302 1012 his
329 972 608 1019 dissenfientoe,
636 969 853 1010 maluerunt
879 969 927 1009 de
955 983 1001 1009 eo
1033 968 1210 1009 vocabuli
1230 984 1303 1010 usu
1326 973 1508 1027 cogitare,

166 1057 285 1097 quum
319 1045 455 1095 ‘fertur
493 1041 637 1095 aliquid
664 1041 791 1094 aliquo
820 1041 936 1079 modo
971 1054 1013 1079 se
1039 1040 1199 1080 habere'
1233 1041 1280 1080 de
1313 1043 1359 1081 iis
1392 1043 1507 1083 rebus

166 1116 330 1170 ponitur,
365 1127 464 1168 quae
493 1112 540 1152 ab
568 1112 785 1152 hominibus
812 1112 955 1151 narrari
983 1125 1029 1152 ac
1055 1112 1298 1156 sermonibus
1323 1112 1509 1154 celebrari

166 1187 301 1230 solent.
338 1186 550 1239 Utramque
572 1187 760 1225 rationem
782 1185 850 1238 qui·
863 1183 1139 1238 improbarunt,
1160 1199 1227 1224 eos
1245 1191 1351 1225 recte
1370 1187 1507 1226 fecisse

165 1258 303 1299 iudico.
359 1256 497 1297 Obstat
523 1257 626 1297 enim
651 1257 802 1311 utrique
828 1255 934 1304 illud,
962 1255 1065 1310 quod
1092 1270 1141 1296 ne
1166 1256 1326 1313 intelligi
1351 1258 1507 1313 quidem

166 1335 345 1384 possunt,
372 1330 444 1369 nisi
472 1333 640 1367 statuere
667 1328 781 1374 velis,
808 1341 885 1366 non
913 1327 962 1366 ad
989 1328 1196 1367 editionem
1222 1330 1411 1377 carminis,
1439 1331 1508 1370 sed

166 1400 215 1441 ad
242 1401 444 1455 repetitam
472 1400 679 1439 editionem
715 1404 838 1439 totum
865 1403 1116 1453 praeceptum
1141 1399 1384 1440 referendum
1411 1415 1508 1449 esse,

166 1473 275 1512 cuius
302 1473 357 1511 rei
384 1471 531 1511 nullum
559 1472 764 1526 vestigium
792 1471 976 1510 cernitur:
1004 1471 1164 1519 accedit,
1192 1472 1296 1525 quod
1318 1472 1508 1512 vocabula

164 1545 203 1584 in
218 1544 398 1584 >carmine
425 1543 552 1597 aliquo
579 1544 705 1583 minus
731 1547 837 1582 recte
864 1542 990 1597 posita
1016 1547 1082 1581 aut
1107 1556 1302 1598 nunquam
1330 1549 1396 1584 aut
1422 1559 1508 1599 per-

166 1630 253 1656 raro
281 1615 508 1671 vulgaribus
539 1614 738 1655 hominum
771 1613 1012 1654 sermonibus
1052 1615 1240 1663 feruntur,
1278 1630 1399 1670 quum
1427 1616 1507 1670 ple-

166 1701 328 1742 rumque
356 1701 377 1726 a
410 1687 502 1727 solis
541 1686 791 1741 prudentibus
830 1686 1082 1726 animadverti
1109 1692 1147 1726 et
1182 1688 1307 1727 notari
1346 1688 1507 1728 soleant.

165 1759 258 1799 Inde
286 1761 410 1799 exorti
438 1764 542 1806 sunt,
578 1759 643 1812 qui
669 1758 902 1798 vocabulum
929 1758 1023 1798 illud
1050 1772 1072 1798 a
1100 1758 1256 1799 flumine
1282 1759 1507 1800 translatum

167 1845 252 1871 esse
281 1831 464 1878 dicerent,
491 1836 533 1869 ut
560 1844 653 1870 sane
676 1829 808 1877 multa,
837 1844 936 1884 quae
963 1830 1128 1870 fluminis
1142 1831 1300 1884 propria
1312 1835 1412 1879 sunt,
1441 1846 1507 1871 ve·

166 1908 269 1943 teres
284 1902 333 1943 ad
349 1902 607 1957 eloquentiam
622 1902 861 1942 transtulisse
880 1902 1034 1949 scimus,
1049 1903 1149 1942 inter
1163 1916 1262 1956 quae
1275 1903 1402 1956 ipsum
1414 1902 1507 1943 illud

166 1976 280 2014 ferri
308 1987 385 2014 non
413 1987 499 2013 raro
529 1979 737 2027 comparet.
788 1972 829 2012 Id
849 1979 977 2013 tamen
1002 1987 1096 2012 num
1122 1973 1210 2012 huic
1236 1973 1325 2015 loco
1353 1988 1507 2014 aocom-

165 2044 360 2084 modatum
387 2046 453 2092 sit,
495 2045 617 2084 habeo
660 2057 728 2083 cur
761 2043 942 2085 dubitem.
994 2043 1037 2084 In
1061 2044 1147 2099 ipso
1180 2044 1282 2085 enim
1316 2045 1507 2086 vocabulo

164 2116 284 2164 nulla,
320 2116 424 2169 quod
452 2115 546 2154 falso
575 2116 729 2170 quidam
757 2116 978 2170 opinantur,
1002 2118 1111 2157 jnest
1137 2117 1342 2156 nimietatis
1368 2117 1508 2171 signifi-

165 2188 276 2236 catio,
304 2188 381 2227 imo
401 2187 499 2228 solet
516 2187 609 2228 illud
625 2187 780 2227 laudem
799 2186 965 2242 aliquam
994 2190 1200 2236 continere,
1229 2202 1347 2242 quum
1368 2188 1508 2228 nullius

166 2260 277 2300 facile
306 2262 428 2300 oratio
457 2260 573 2300 ferri
601 2259 767 2309 dicatur,
793 2261 864 2300 nisi
892 2262 958 2315 qui
985 2262 1205 2316 ingeniosus
1232 2260 1280 2298 sit
1307 2265 1346 2299 et
1372 2266 1508 2300 natura

164 2338 277 2388 aptus
304 2332 352 2373 ad
381 2332 659 2389 eloquentiam:
688 2337 805 2387 atque
831 2338 994 2381 constat,
1031 2347 1129 2388 quae
1156 2331 1339 2373 fervidius
1366 2333 1507 2387 scripta

164 2411 263 2453 sunt,
291 2407 513 2459 priusquam
533 2402 718 2443 deferbuit
745 2404 923 2459 impetus,
951 2405 1072 2459 magis
1090 2403 1318 2458 plerumque
1337 2404 1384 2444 ad
1402 2419 1507 2444 com·

163 2476 378 2518 movendos
406 2475 604 2516 hominum
630 2476 778 2516 animos
803 2475 944 2524 valere,
971 2489 1085 2531 quam
1113 2476 1399 2516 accuratissime
1419 2489 1506 2529 per-

162 2548 292 2602 polita.
346 2548 478 2589 Potest
507 2549 661 2603 quidem
695 2547 791 2596 fieri,
833 2553 876 2588 ut
900 2549 940 2588 in
968 2548 1157 2590 eiusmodi
1183 2549 1371 2595 oratione,
1407 2560 1507 2602 quae
