1669 2839
144 160 304 228 ‚tamine
322 157 484 213 repetita
487 96 712 212 Facula
725 155 932 212 comitatae
952 155 1058 219 ὡς
1076 154 1196 196 Nam
1190 166 1237 203 v,-
1252 156 1304 198 93
1321 168 1407 211 sqq
1419 166 1496 220 904

157 235 257 277 mica
281 232 411 287 poesis
437 229 608 283 tragicae
634 229 851 285 opponitur,
878 243 915 270 v.
929 228 1010 282 258
1028 214 1181 275 Accius
1206 224 1343 276 Ennio,
1369 233 1495 270 recte-

158 318 233 360 que
268 303 320 343 ibi
355 302 506 342 videtur
541 313 562 338 a
598 299 640 338 P.
669 299 840 341 Victorio
880 300 1137 347 mobilibus
1177 299 1362 353 scniptum
1399 314 1494 340 esse.

157 375 203 416 V.
227 377 303 415 279
330 374 508 416 laudatur
537 371 767 426 Aeschylus,
803 372 906 427 quod
941 373 1046 423 ihm
1071 372 1233 413 diversis
1260 371 1377 411 rebus
1403 385 1495 425 pro-

156 448 334 502 spexerit,
362 445 598 485 theatrorum
624 445 772 485 ornatui
794 450 832 484 et
849 440 1338 499 graqdjt‘nti‘personarum3
1367 458 1403 483 v.
1418 443 1496 484 345

155 519 262 558 iuxta
296 516 471 556 locorum
505 515 822 569 longinquitatem
854 516 1040 569 temporis
1073 516 1297 559 diuturnitas
1324 517 1494 569 ponitur:

120 618 123 621 s
156 590 319 641 denique
339 602 375 625 v.
390 587 467 627 366
492 587 609 640 patris
636 586 838 641 prudentia
864 585 1021 633 consilia
1049 590 1274 640 separantur
1301 586 1348 625 ab
1376 587 1494 640 ipsius

157 658 218 697 filii
241 657 436 711 praeclara
454 657 606 700 indole..
635 656 744 697 Haec
772 658 835 711 qui
863 657 1135 711 ponderaverit
1162 658 1389 703 accuratius,
1418 670 1494 696 non

155 728 321 787 negabit,
353 729 392 768 in
420 727 597 768 omnibus
624 727 817 783 aliquanto
851 729 1036 768 maiorem
1071 741 1199 768 rerum
1233 727 1493 768 diversitatem

156 814 392 855 comparere,
421 814 537 856 quam
565 814 664 855 quae
690 801 729 841 in
755 801 869 841 variis
897 800 1009 840 unius
1037 805 1185 840 statuae
1210 800 1382 855 partibus
1410 813 1494 840 cer-

155 874 265 914 nitur.
320 872 581 927 Quamquam‘
601 873 715 928 igitur
752 872 841 913 nolo
879 873 1090 927 praefracte
1125 887 1285 928 negare,
1321 874 1493 927 potuisse

156 944 379 998 particulam
418 945 465 983 ab
503 944 662 984 Horatio
697 945 842 991 iterari,
883 958 1002 998 quum
1044 945 1092 984 de
1132 945 1213 985 sola
1249 946 1361 986 unius
1399 945 1493 984 fabri

155 1007 355 1055 sedulitate
382 1016 536 1062 diceret,
565 1016 686 1069 magis
713 1020 841 1054 tamen
869 1014 1123 1056 Horatianum
1151 1017 1265 1055 fuerit
1290 1016 1329 1055 id
1355 1017 1492 1070 ipsum,

155 1087 257 1140 quod
272 1100 354 1133 noS,
376 1088 501 1139 priore
520 1085 707 1140 particula
722 1087 873 1133 omissa,
890 1086 1133 1127 scribendum
1148 1101 1233 1127 esse
1246 1088 1490 1127 coniecimus.

258 1374 393 1414 Redeo
422 1375 469 1413 ad
496 1374 747 1414 Fundanium.
801 1374 901 1414 Eum
932 1379 974 1413 ut
1000 1376 1225 1429 negavimus
1252 1374 1493 1427 praeclarum

156 1439 309 1497 poetam
352 1446 555 1486 dicendum
593 1459 697 1492 esse,
742 1446 794 1484 ita
830 1445 895 1484 vel
938 1451 1096 1500 propter
1141 1448 1266 1500 ipsam
1301 1440 1493 1500 garriendi

156 1518 376 1558 comitatem
422 1516 616 1557 hominem
662 1516 778 1563 fuisse
821 1515 921 1556 haud
968 1516 1165 1571 illepidum
1206 1516 1493 1569 iucundumque

155 1590 369 1636 convivam,
397 1588 508 1627 facile
534 1588 643 1627 nobis
661 1588 947 1641 persuademus.
989 1587 1119 1642 Itaque
1145 1594 1251 1628 recte
1272 1589 1363 1628 fecit
1379 1586 1493 1626 Nasi-

155 1658 365 1700 dienusille
384 1662 467 1710 (sat.
488 1659 528 1699 ll.
548 1660 600 1711 8),
629 1660 692 1713 qui
720 1659 940 1699 comitatem
967 1660 1005 1698 in
1033 1660 1196 1699 conviva
1223 1660 1352 1714 magni
1379 1660 1493 1699 aesti-

155 1731 300 1779 mabat,
335 1730 440 1785 quod
466 1730 707 1770 Fundanium
742 1731 789 1770 ad
823 1732 1012 1770 famosum
1044 1730 1138 1769 illud
1172 1731 1394 1769 convivium
1426 1730 1492 1768 ad—

154 1803 284 1852 hibuit,
310 1795 430 1857 (fuum
458 1802 735 1842 diversissimos
762 1802 946 1850 homines,
976 1807 1014 1841 at
1040 1816 1109 1842 suo
1138 1808 1266 1843 tamen
1292 1803 1330 1842 in
1349 1815 1491 1856 genere

154 1875 315 1913 eximios
344 1879 593 1912 convocaret:
632 1873 679 1912 de
713 1873 851 1912 eodem
885 1875 985 1912 enim
1012 1873 1209 1911 Fundanio
1243 1873 1293 1911 ibi
1328 1873 1417 1918 dici,
1452 1878 1491 1910 et

154 1960 222 2000 per
249 1960 291 1985 se
317 1948 443 2000 ipsum
471 1943 650 1985 credibile
678 1950 752 1991 est,
788 1949 826 1983 et
858 1943 1102 1984 confirmatur
1131 1943 1290 1984 Acronis
1319 1942 1491 1983 testimo-

81 2020 84 2023 ’
154 2019 233 2057 nio.v
268 2017 527 2069 Interrogatus
542 2015 589 2053 de
617 2027 737 2053 coena
766 2013 812 2051 ab
832 2014 1004 2059 Horatio,
1033 2027 1248 2067 ‘nunquam
1268 2016 1306 2053 in
1325 2016 1403 2052 vita
1422 2015 1493 2053 sibi

110 2079 113 2082 Δ
153 2089 289 2129 melius
317 2083 449 2128 fuisse‘
477 2085 683 2139 respondet
711 2087 761 2135 (v.
778 2086 829 2136 3),
866 2099 942 2139 quo
978 2085 1214 2140 ipso-saepe
1248 2100 1336 2127 cum
1362 2085 1492 2126 multis

152 2161 191 2199 in
218 2160 296 2198 vita
325 2158 394 2197 sibi
421 2157 519 2196 bene
548 2157 663 2195 fuisse
692 2155 900 2207 profitetur.
958 2155 1112 2194 Scimus
1140 2161 1351 2209 praeterea,
1384 2156 1492 2194 illum

154 2231 345 2272 interdum
379 2242 467 2269 cum
494 2228 655 2269 Horatio
683 2227 908 2267 coenavisse
936 2229 985 2275 (ν.
1011 2227 1069 2277 2);
1106 2228 1267 2266 fortasse
1302 2226 1418 2266 etiam
1444 2226 1493 2267 ad

155 2302 388 2342 Maecenatis
420 2312 592 2344 mensam
622 2299 908 2345 admittebatur,
944 2312 1059 2351 quam
1087 2299 1393 2351 parasiticam
1425 2312 1492 2353 ap-

156 2374 323 2427 pellabat
351 2374 548 2426 Augustus
575 2372 699 2421 (Suet.
717 2371 793 2410 vit.
823 2370 951 2421 Hor.)‚
989 2382 1222 2424 quamquam
1257 2382 1334 2409 non
1362 2369 1488 2415 video,

157 2459 233 2498 quo
259 2446 341 2484 iure
356 2458 378 2482 a
398 2444 627 2498 quibusdam
649 2443 829 2481 amicus
851 2441 1081 2482 Maecenatis
1101 2440 1260 2480 dicatur.
1309 2440 1403 2479 Utut
1422 2445 1491 2486 est,

1227 2525 1252 2550 o
