1669 2839
158 0 299 44 W

791 86 847 133 21

147 202 326 248 Leidensi
359 214 405 241 ac
440 198 592 240 duobus
614 195 908 254 'Vanderburg'ii
937 196 970 241 E
1011 202 1051 237 et
1085 196 1117 236 R
1160 198 1383 239 adnotatum
1424 204 1494 238 est.

147 276 275 330 Atque
301 273 405 314 hanc
428 270 584 325 quidem
612 270 873 310 coniecturam
891 277 1007 311 nemo
1038 268 1152 324 plane
1170 268 1309 310 malam
1338 270 1492 310 dixerit:

146 344 335 387 infelicius
362 342 512 382 videtur
538 340 702 380 alterum
728 339 859 380 locum
886 345 1073 381 tractasse
1105 341 1220 396 epod.
1251 342 1284 381 1.
1311 341 1359 379 21
1397 347 1494 391 ⁸non

147 416 218 457 uti
243 416 292 455 sit
318 412 440 454 auxili·
460 412 583 452 latura
602 410 689 466 plus
705 411 998 466 praesentibus'.
1033 411 1110 452 Uti
1137 414 1239 453 enim
1253 413 1345 467 quin
1373 413 1493 452 veris-

145 488 284 527 simum
299 486 358 532 sit,
379 489 456 523 non
469 487 597 536 potest
611 481 785 530 dubitari,
798 481 869 522 sed
886 489 973 521 eam
990 482 1261 536 corruptelam,
1275 497 1376 538 quae
1390 483 1490 524 mul-

146 565 209 598 tos·
244 556 362 597 libros
398 554 554 602 invasit,
593 554 633 594 in
665 553 806 607 quibus
843 551 940 593 haec
980 552 1199 594 scribuntur
1228 568 1323 607 ⁸non
1348 560 1400 594 ut
1425 555 1489 595 sit*

147 627 451 682 antiquissimam
467 631 563 671 esse,
591 625 703 665 facile
731 624 903 665 adducor
929 628 972 665 ut
999 624 1173 664 credam:
1207 625 1239 665 ii*
1259 626 1390 680 igitur,
1425 627 1490 680 qui

144 697 408 752 intelligebant
447 695 666 736 ‘claudicare
697 709 896 743 numeroS,
936 709 1055 749 quum
1081 695 1226 749 syllaba
1254 697 1489 752 :inquirenda

146 774 269 817 esset,
297 773 372 822 qua
398 766 593 806 labantem
619 773 775 806 versum
800 765 995 813 fulcirent,
1035 779 1171 820 pamm
1198 767 1359 808 feliciter
1391 767 1491 808 hanc

144 841 376 894 scripturam
416 838 686 891 excogitarunt
731 851 825 890 ‘non
851 841 901 877 ut
932 836 1056 876 adsit
1088 838 1205 878 auxili
1238 838 1361 879 latura
1401 839 1489 893 plus

146 907 432 966 praesentibus-²
469 906 513 949 ld
538 913 800 949 commentum
826 906 1017 948 Mavortia
1051 907 1258 962 placuisse,
1296 910 1359 950 vel
1385 909 1493 951 solus

144 982 233 1023 cod.
267 979 301 1020 Ε
333 979 425 1020 mihi
463 980 687 1035 persuadet,
727 991 848 1034 quum
885 979 935 1021 de
966 978 1144 1022 Leidensi
1163 1002 1166 1004 -
1183 982 1279 1023 certi
1318 980 1412 1023 nihil
1442 983 1492 1022 sit

145 1052 309 1092 dictum:
337 1050 386 1090 ab
404 1051 489 1105 ipso
506 1051 705 1091 inventum
723 1064 809 1092 esse
825 1063 904 1092 non
923 1051 1196 1101 contenderim,
1224 1065 1345 1108 qrmm
1366 1052 1491 1093 adsit

146 1127 299 1162 tueatur
325 1121 549 1175 porphyrio.
602 1121 693 1163 Non
716 1120 860 1202 Ψ
884 1136 979 1162 vero
1008 1122 1184 1178 Mavortii
1206 1124 1490 1274 commffdatio

148 1192 247 1232 haec
273 1191 364 1231 mihi
400 1192 550 1231 videtur
577 1206 681 1239 esse,
717 1190 823 1247 quo‘d
848 1191 897 1232 ab
922 1191 988 1232 illo
1014 1193 1223 1234 multorum
1248 1193 1275 1234 li

147 1264 284 1312 studio,
312 1276 388 1317 quo
415 1263 611 1303 obcaecati
640 1277 717 1304 non
745 1277 868 1318 pauca
895 1270 1150 1318 corruperqnt
1174 1278 1221 1305 eo
1249 1264 1421 1313 consilio,
1448 1276 1490 1305 ut

146 1334 305 1389 singuli,
343 1339 529 1388 quantum
556 1333 637 1373 fieri
651 1339 814 1387 (posset,
854 1348 988 1374 versus
1015 1334 1080 1374 vel
1114 1335 1265 1390 singula
1305 1350 1489 1377 versuum

146 1407 251 1461 paria
278 1404 428 1460 singula
451 1405 650 1444 *enuntiata
690 1404 938 1453 continerent,
972 1420 1073 1446 neve
1097 1405 1256 1460 ‘longior
1283 1407 1489 1448 verborum

146 1477 313 1518 ambitus
330 1476 681 1530 interpretationem
693 1475 904 1530 impediret,
923 1478 1003 1518 fere
1016 1478 1227 1517 immunem
1245 1491 1288 1523 se
1306 1480 1490 1519 servavit:

146 1549 300 1596 erravit,
319 1548 470 1588 sirecte
485 1553 623 1595 statuo,
642 1563 718 1588 uno
736 1549 776 1589 in
790 1555 921 1597 versu,
939 1554 978 1589 at
996 1549 1134 1589 erravit
1151 1549 1214 1596 ita,
1235 1555 1277 1589 ut
1294 1550 1409 1591 hodie
1428 1550 1490 1591 vel

150 1619 415 1661 doctissimum
456 1632 649 1673 quemque
686 1619 965 1660 adsentientem
991 1618 1142 1659 habeat.
1196 1618 1348 1661 Etenim
1373 1634 1489 1661 carm.

148 1690 215 1731 lv.
232 1693 269 1730 9.
285 1691 433 1745 30sqq.
453 1691 547 1731 haec
575 1705 678 1732 nunc
702 1691 764 1732 edi
791 1691 935 1732 solent:
960 1706 1053 1745 ‘non
1078 1706 1153 1746 ego
1181 1697 1219 1731 te
1237 1693 1333 1732 meis
1351 1690 1492 1732 chartis

148 1764 365 1803 inornatum
389 1762 543 1803 silebo
572 1768 678 1803 totve
715 1768 802 1803 tuos
834 1764 956 1818 patiar
987 1762 1140 1803 labores
1171 1764 1353 1818 impune,
1382 1762 1493 1811 Lolli,

147 1847 309 1888 carpere
348 1833 486 1873 lividas
511 1833 740 1874 obliviones'
768 1834 965 1888 repudiata
997 1833 1114 1873 altera
1154 1831 1341 1888 scriptura
1372 1835 1489 1886 ‘inor-

149 1910 280 1946 natam
307 1903 470 1945 sileri.‘
514 1906 567 1945 At
592 1910 653 1945 est
678 1904 790 1946 huius
816 1905 1024 1946 auctoritas
1050 1904 1112 1944 vel
1137 1912 1305 1944 summa:
1333 1918 1425 1945 nam
1450 1911 1490 1946 et

148 1979 189 2017 in
230 1976 504 2031 Porphyrionis
546 1976 700 2015 scholiis
739 1981 779 2015 et
814 1975 916 2028 apud
944 1974 1222 2028 Cruquianum
1254 1982 1494 2016 commenta-

149 2054 275 2089 torem
301 2046 539 2102 apertissima
566 2046 741 2101 passivae
767 2046 914 2088 formae
940 2046 1102 2101 vestigia
1128 2053 1351 2099 cernuntur3
1379 2049 1497 2090 adsti-

150 2119 330 2175 pulantur
355 2117 439 2157 libri
466 2116 646 2172 permulti
680 2131 725 2159 ac
744 2118 836 2157 satis
863 2119 1018 2172 antiqui,
1053 2123 1092 2158 et
1122 2119 1205 2172 ipse
1233 2121 1399 2173 optimus
1430 2120 1494 2161 ille

151 2190 433 2244 Vanderburgii
459 2189 543 2230 cod.
572 2188 625 2238 B;
659 2189 823 2243 denique
850 2203 986 2244 parum
1019 2194 1131 2230 caute
1172 2190 1314 2238 fecerit,
1346 2192 1412 2245 qui
1446 2193 1495 2232 ad

154 2263 370 2319 Cruquium
397 2261 489 2301 nihil
517 2261 565 2300 de
583 2259 792 2299 Blandiniis
818 2260 1009 2299 dicentem
1036 2262 1323 2314 provocaverit:
1346 2276 1437 2303 nam
1465 2264 1497 2303 is

155 2341 195 2376 et
220 2336 303 2389 ipse
330 2332 470 2373 sileri
497 2331 613 2372 edidit
646 2336 685 2370 et
711 2330 812 2371 idem
835 2345 856 2371 a
879 2346 949 2372 suo
982 2337 1286 2372 commentatore
1313 2334 1497 2389 explicari

157 2407 261 2455 vidit,
288 2407 326 2446 in
353 2394 638 2459 interpretando
667 2406 796 2442 autem
824 2405 992 2444 carmine
1022 2417 1160 2458 magno
1202 2403 1302 2444 saltu
1331 2419 1353 2444 a
1390 2419 1425 2444 v.
1446 2406 1496 2443 26

159 2479 292 2518 transit
311 2477 359 2517 ad
373 2492 409 2515 v.
428 2476 490 2524 39,
518 2476 568 2515 ita
584 2480 625 2514 ut
640 2479 703 2514 aut
716 2474 798 2528 ipse
815 2475 1052 2516 festinantius
1081 2476 1207 2530 egisse
1227 2482 1293 2515 aut
1308 2477 1495 2530 insignem
