1669 2839
840 42 933 114 ²2²4

220 154 323 210 bant,
360 153 387 195 ii
413 157 572 210 potores
605 157 645 195 et
677 158 765 195 sunt
791 159 830 195 et
855 154 1055 197 habentur.
1107 152 1241 210 Itaque
1280 158 1433 196 certum
1466 152 1562 197 mihi

218 226 388 277 videtur,
415 231 481 269 aut
506 226 633 282 ipsum
658 212 766 267 illuin
792 241 948 269 versum
975 225 1022 268 ab
1050 225 1211 278 Horatio
1240 227 1407 283 positum
1432 227 1562 278 fuisse,

221 306 289 342 aut
314 301 429 342 alium
464 299 717 349 simillimum,
753 299 1004 356 fallacemque
1045 315 1130 341 esse
1169 300 1561 359 ingeniosaeconie-

221 379 354 415 cturae
379 372 620 429 elegantiam.
672 370 758 428 Ipse
785 377 915 413 autem
941 375 1340 429 versus‘magnopere
1365 389 1561 416 commen-

219 446 331 487 datur
357 459 417 494 eo,
444 445 547 500 quod
575 459 694 500 quum
712 445 749 484 in
774 442 855 485 aliis
882 458 960 485 non
986 444 1096 485 malis
1122 445 1228 485 libris
1254 446 1417 501 scriptus
1445 451 1560 495 extat,

218 523 299 559 tum
327 517 483 558 extabat
508 517 547 558 in
573 517 842 573 antiquissimis
867 516 1107 567 Blandiniisr
1136 516 1330 573 Cruquius
1357 518 1457 559 enim
1483 531 1561 559 non

218 591 290 630 suit
316 590 414 631 adeo
441 588 654 645 negligens,
681 596 724 630 ut
742 589 922 630 credibile
941 590 1000 638 sit,
1029 604 1118 630 eum
1144 588 1236 630 nihil
1262 590 1418 630 omnino
1438 590 1560 630 dictu-

220 676 307 704 rum
334 662 463 711 fuisse,
491 662 523 702 si
543 660 651 702 illum
677 663 755 702 suis
772 662 811 702 in
830 662 1027 703 codicibus
1054 658 1238 703 omissum
1264 661 1433 703 vidisset.
1472 661 1560 703 Hoc

218 735 334 775 etiam
359 735 426 775 vix
445 747 491 774 ac
508 748 558 774 ne
576 735 642 774 vix
660 734 816 789 quidem
842 734 933 775 mihi
959 735 1185 791 persuadeo,
1213 733 1261 775 ab
1288 734 1560 790 interpolatore

217 807 373 862 antiquo
402 820 558 846 versum
584 805 790 847 confictum
815 822 903 862 *esse
930 813 1008 848 tam
1036 795 1247 857 difficilem,
1265 813 1309 847 ut
1325 807 1417 863 ipsis
1444 806 1559 848 etiam

215 877 376 919 librariis
414 878 635 918 coniectura
674 880 869 920 videretur
907 880 1098 921 sanandus
1136 894 1232 920 esse.
1286 879 1420 934 Inepte
1458 879 1558 919 enim

216 956 411 1007 potores
438 949 627 990 bibulos
646 950 730 1001 dici,
749 952 830 992 sive
857 950 1049 994 Falerni
1075 952 1206 1001 addas,
1233 952 1314 992 sive
1331 965 1409 993 non
1427 950 1557 999 addas,

216 1028 323 1063 recte
350 1028 389 1063 et
413 1024 649 1064 recentiores
674 1025 918 1080 interpretes»,
960 1038 1124 1080 quorum
1162 1024 1318 1080 quidem
1352 1024 1558 1080 praecipua

214 1096 423 1137 auctoritas
450 1102 519 1146 est,
546 1096 765 1138 Bentleium
793 1112 838 1138 ea
863 1098 902 1138 in
928 1111 971 1137 re
998 1098 1120 1138 secuti
1146 1097 1326 1145 iudicant,
1353 1101 1392 1136 et
1412 1097 1557 1137 iudica-

213 1173 303 1208 runt
329 1167 476 1223 aliquot
501 1168 638 1210 abhinc
665 1169 805 1210 seculis
833 1170 897 1225 qui
924 1170 962 1210 in
989 1169 1217 1225 quibusdam
1248 1167 1352 1215 libris
1384 1168 1556 1225 liquidi

211 1247 423 1297 posuerunt
448 1255 520 1297 pro
547 1240 701 1282 bibuli
728 1247 766 1283 et
793 1242 849 1283 de
875 1241 980 1282 luce
1006 1256 1076 1297 pro
1105 1242 1159 1283 de
1185 1246 1339 1282 nocte.
1381 1240 1556 1293 Quorum

211 1315 399 1354 rationem
439 1313 543 1369 quod
581 1314 758 1369 probavit
786 1313 1000 1363 Bentleius,
1040 1316 1220 1371 quoniam
1258 1315 1394 1356 eadem
1433 1328 1556 1370 paene
1634 1341 1641 1347 s

212 1385 433 1443 legerentur
460 1388 569 1441 epist.
597 1385 623 1426 Ι.
652 1388 710 1426 14.
737 1387 789 1427 34
814 1402 946 1442 ‘quem
984 1386 1155 1428 bibulum
1190 1387 1323 1443 liquidi
1355 1388 1480 1428 media
1507 1387 1555 1428 de

211 1458 299 1499 luce
319 1458 347 1499 F
351 1457 504 1499 alerni':
531 1458 570 1498 id
590 1459 636 1498 iis
654 1457 808 1513 placere
834 1461 984 1514 poterit,
1013 1461 1076 1515 qui
1105 1473 1260 1500 versum
1285 1459 1555 1515 interpolatum

213 1544 299 1571 esse
327 1535 519 1579 statuunt,
560 1530 689 1579 nobis,
731 1531 868 1586 quibus
894 1531 1129 1573 Horatianus
1157 1531 1307 1572 videtur
1334 1546 1436 1581 esse,
1476 1544 1553 1572 non

210 1604 323 1654 item3
357 1603 467 1644 exilis
495 1604 596 1643 enim
624 1604 765 1658 ingenii
793 1609 860 1651 est,
888 1618 930 1644 se
956 1604 1081 1659 ipsum
1107 1596 1256 1643 imitari.
1302 1603 1419 1644 Miror
1446 1603 1553 1658 equi-

211 1676 316 1724 dem,
356 1689 379 1716 a
405 1676 577 1725 nemine,
617 1667 720 1731 quod
747 1677 883 1725 sciam,
922 1675 1161 1717 intellectum
1189 1691 1295 1729 esse,
1334 1690 1450 1732 quam
1475 1675 1552 1717 leni

209 1750 421 1793 mutatione
446 1763 544 1805 opus
572 1750 630 1798 sit,
659 1754 702 1789 ut
716 1749 844 1790 omnia
870 1750 1081 1791 rectissime
1106 1750 1343 1805 procedant.'
1371 1748 1551 1790 Scriben-

208 1824 301 1865 dum
328 1828 403 1865 est:

388 1900 546 1952 potores
572 1895 727 1936 vetuli
754 1896 879 1937 media
907 1896 955 1937 de
982 1900 1098 1936 nocte
1124 1894 1277 1936 Falerni

391 1968 554 2010 oderunt
579 1974 758 2024 porrecta
784 1974 991 2024 negantem
1018 1968 1171 2025 pocula.

207 2042 411 2084 Falernum
438 2042 572 2081 vinum
598 2041 811 2082 vetulum
838 2040 1033 2097 appellari,
1060 2041 1211 2082 duobus
1230 2040 1372 2081 Catulli
1391 2046 1429 2081 et
1448 2040 1549 2081 Mar-

208 2114 306 2156 tialis
345 2114 519 2155 versibus
557 2114 834 2156 demonstravit
860 2114 1059 2157 Bentleius
1086 2114 1135 2156 ad
1163 2128 1277 2155 carm.
1305 2113 1362 2156 Ill.
1399 2115 1457 2156 15.
1488 2116 1547 2155 16.

204 2188 424 2230 addendum
443 2193 502 2244 est
517 2189 687 2243 inprimis
705 2187 889 2229 Macrobii
916 2192 1164 2242 praeceptum
1184 2187 1232 2228 de
1250 2186 1375 2228 mulso
1391 2189 1547 2240 (saturn.

205 2258 284 2301 VII.
303 2261 365 2314 12)
392 2260 589 2316 ⁸mulsum,
604 2260 708 2315 quod
726 2259 846 2316 probe
859 2265 1063 2317 temperes,
1078 2260 1321 2304 miscendum
1339 2274 1425 2302 esse
1442 2274 1546 2301 novo

206 2331 403 2387 Hymettio
441 2338 481 2373 et
515 2332 648 2373 vetulo
675 2332 706 2373 F
708 2332 873 2373 alerno':
913 2335 952 2374 in
978 2347 1055 2389 quo
1083 2334 1322 2389 apertissima
1346 2331 1547 2387 Glyconici

202 2405 316 2447 metri
354 2407 513 2463 vestigia
554 2420 656 2456 esse,
698 2406 792 2448 scite
831 2407 979 2449 monuit
1015 2406 1228 2449 Meinekius
1267 2407 1479 2449 exercitatt.
1508 2407 1546 2448 in

200 2478 443 2521 Athenaeum
468 2493 571 2534 spec.
598 2478 631 2526 Η
654 2494 694 2535 p.
720 2480 782 2521 23.
