1669 2839
617 108 781 180 ,13⁷

73 233 141 277 est,
168 238 286 280 quum
306 224 496 280 opnmi1et
513 222 826 278 antiquissimiet
844 219 1018 261 tollen-s
1044 218 1268 260 exhibeant..
1295 220 1400 272 Con·

22 310 24 312 ’
70 302 148 338 stat
171 297 345 351 denique,
373 296 563 341 Servium,
590 307 713 348 quum.
736 298 894 347 propter
916 306 1034 332 unum
1060 291 1212 345 aliquod
1232 292 1401 332 voeabu-

71 370 149 409 lum
178 369 225 409 ad
252 367 350 409 alios
388 367 592 420 scriptores
633 364 836 420 provocat,
877 363 1102 419 plerumque
1135 377 1213 404 non
1245 363 1400 418 integris

71 440 244 481 versibus
271 440 409 479 totisve
437 427 638 477 enuntiatis
666 435 738 485 uti,
773 436 841 476 sed
867 441 976 491 parte
1003 450 1137 476 eorum
1164 450 1237 484 ea,.
1261 436 1299 475 in
1328 449 1400 490 qua

70 513 169 556 inest
193 512 231 552 id
258 512 402 566 ipsum,
439 523 514 564 quo
543 510 590 553 ad
618 524 700 549 rem
726 508 1030 564 perspiciendam
1056 523 1152 564 opus
1179 514 1247 549 est.
1301 507 1401 548 Eum

71 596 217 623 morem
243 593 336 623 num
363 582 456 622 satis
480 587 659 621 accurate
687 581 976 620 observaverint
992 581 1214 620 vellibrarii
1232 580 1295 620 vel
1321 581 1401 620 edi-

70 658 183 700 tores,
211 664 445 708 magnopere
477 652 628 694 dubito:
667 653 743 693 imo
777 652 954 692 videntur
985 652 1178 693 interdum
1212 657 1336 692 totum
1362 653 1399 691 in

70 726 188 779 partis
213 724 344 765 locum
371 725 622 765 substituisse.
667 725 741 765 Pro
769 725 949 779 exemplo
975 725 1077 765 idem
1102 725 1172 777 illex
1190 739 1324 765 versus
1343 726 1400 771 sit,

70 797 118 837 de
145 809 221 851 quo
241 808 358 850 supra
385 796 561 846 diximus,
590 810 704 837 earm.
729 795 754 835 Ι.
777 797 835 835 174
851 797 920 836 22:
948 797 979 836 is
998 797 1105 837 enim
1115 797 1152 836 in
1172 794 1399 835 Valderiana

70 869 234 909 editione
262 867 360 907 hanc
378 868 500 908 induit
518 870 696 910 formam:
723 883 810 923 ‘nec
829 854 1044 909 Semeleius
1063 884 1152 909 cum
1169 869 1291 910 Marte
1309 882 1401 909 con·

69 941 202 982 fundet
226 939 435 994 Thyoneus
462 941 670 995 proelia.’
722 941 845 989 Idem,
887 943 958 981 nisi
984 941 1110 990 fallor,
1148 943 1185 981 in
1213 955 1260 981 eo
1286 955 1400 981 versu

70 1013 214 1060 evenit,
241 1026 261 1052 a
290 1026 366 1066 quo
394 1015 565 1067 profecta
592 1019 651 1057 est
671 1013 772 1075 llaec
798 1015 1022 1069 disputatio:
1063 1028 1151 1054 nam
1179 1028 1296 1068 quum
1325 1026 1400 1052 uno

69 1085 259 1138 vocabulo
287 1085 441 1126 adsita
483 1100 580 1140 opus
622 1091 739 1134 esset,
779 1099 855 1126 non
883 1087 1015 1134 video,
1055 1100 1123 1127 cur
1149 1086 1258 1141 plura
1285 1100 1401 1140 quam

70 1158 250 1213 ‘populus
277 1158 414 1197 adsita'
442 1158 513 1198 sibi
540 1157 788 1198 adscribenda
815 1159 967 1215 duxerit
994 1159 1275 1214 grammaticus.
1325 1157 1411 1198 Ce-.

70 1237 150 1272 tera
171 1245 193 1271 a
213 1230 372 1270 librariis
391 1231 516 1271 addita
536 1244 632 1278 esse,
659 1244 736 1270 non
754 1235 898 1270 temere
925 1231 1014 1271 mihi
1041 1232 1174 1271 videor
1202 1232 1401 1271 coniicere.

68 1303 146 1354 Qui
172 1304 273 1343 enim
299 1303 523 1352 meminerit,
552 1303 731 1343 Servium
759 1304 871 1343 etiam
899 1305 936 1343 in
955 1304 1119 1343 minimis
1146 1302 1260 1343 rebus
1288 1318 1403 1358 saepe

69 1377 117 1416 ad
145 1375 347 1416 Horatium
374 1376 593 1430 confugere,
618 1376 669 1415 ita
699 1381 740 1415 ut
765 1389 842 1416 non
869 1375 1015 1415 dubitet
1041 1376 1290 1415 Horatianum
1315 1390 1402 1415 ver-

69 1463 154 1497 sum
181 1461 297 1488 carm.
325 1446 371 1487 Il.
402 1447 461 1487 13.
486 1448 533 1487 21
563 1449 655 1487 satis
687 1448 866 1488 inutiliter
901 1448 1054 1496 afferre,
1094 1462 1213 1501 quum
1245 1448 1404 1487 demon-

70 1525 190 1559 strare
217 1518 311 1567 vult,
336 1519 486 1558 furem
513 1532 534 1558 a
563 1519 698 1558 furvo
727 1519 869 1558 dictum
897 1533 983 1559 esse
1011 1520 1125 1572 (quae
1141 1518 1202 1557 M.
1223 1517 1404 1558 Varronis

70 1591 198 1645 opinio
226 1591 314 1637 fuit,
356 1589 453 1629 Gell.
480 1589 505 1628 l.
537 1590 619 1640 18):
660 1591 691 1628 is
718 1603 833 1643 aegre
867 1591 937 1629 sibi
973 1590 1194 1643 persuaderi
1229 1591 1404 1644 patietur,

71 1676 177 1710 eum,
217 1662 248 1700 si
275 1662 427 1716 refugi
434 1666 451 1716 t
477 1662 515 1701 in
543 1674 614 1700 suo
642 1660 788 1708 Horatii
817 1661 950 1700 codice
976 1661 1149 1716 legisset,
1183 1660 1290 1700 illum
1317 1676 1403 1700 ver-

68 1748 157 1774 sum
184 1747 260 1773 non
288 1733 541 1773 adhibiturum
579 1733 693 1773 fuisse
720 1733 769 1772 ad
796 1734 890 1773 Aen.
918 1733 959 1773 ll.
992 1733 1055 1780 12,
1097 1733 1161 1773 ubi
1188 1747 1285 1787 quae
1313 1735 1405 1774 scri-

69 1806 165 1860 psit:
206 1806 296 1858 ‘res
301 1805 417 1858 ugit]
447 1809 603 1858 propter
638 1810 803 1850 metrum
828 1818 899 1858 pro
932 1806 1120 1858 praesenti
1160 1807 1404 1858 praeteritum

71 1877 228 1931 posuit',
265 1892 314 1917 ne
340 1877 423 1931 ipse
449 1875 602 1930 quidem
629 1878 806 1931 ignorare
834 1878 957 1931 potuit
983 1891 1098 1932 quam
1126 1877 1238 1918 exilia
1265 1884 1403 1919 essent.

173 2236 213 2277 ln
239 2237 514 2281 ultimumhoc
541 2248 657 2297 caput
683 2256 889 2299 congeram
915 2242 1106 2291 nonnulla,
1134 2258 1242 2298 quae,
1270 2260 1404 2300 quam-

77 2311 134 2349 vis
158 2310 304 2349 >minuta
332 2312 422 2359 sint,
449 2313 563 2366 digna
591 2319 718 2354 tamen
746 2315 987 2363 videbantur,
1015 2329 1112 2368 quae
1139 2317 1259 2356 semel
1286 2319 1405 2361 adno-

78 2387 257 2424 tarentur.
310 2381 459 2423 Initium
486 2385 623 2425 faciam
650 2399 671 2425 a
691 2386 841 2429 duobus
860 2388 969 2437 locis,
997 2402 1093 2443 quos
1120 2402 1169 2429 ex
1198 2392 1403 2432 earundem

81 2454 276 2496 literarum
303 2456 581 2514 permutatione
609 2460 865 2513 corruptelam
891 2461 1050 2500 traxisse
1079 2463 1268 2503 existimo.

184 2527 324 2570 Facete
362 2528 411 2569 ab
448 2528 607 2569 Horatio
647 2531 684 2571 in
708 2530 806 2572 iibro
839 2520 885 2572 de
923 2538 1003 2573 arte
1043 2536 1193 2588 poetica
1226 2536 1407 2590 magister
