1669 2839
781 71 878 115 1144

405 193 521 236 parce
550 182 722 236 privatus
748 183 908 233 nimium
936 184 1086 232 cavere,

406 255 506 294 dona
532 255 745 307 praesentis
772 268 868 308 cape
895 253 1020 294 laetus
1042 254 1163 295 horae
1191 261 1231 295 et

402 324 534 379 linque
560 338 697 365 severa

149 395 301 438 'librarii
329 398 467 438 eodem
502 397 615 452 plane
649 398 765 437 modo
800 411 958 437 errasse.
1010 398 1111 439 Nam
1145 413 1264 454 quum
1299 399 1384 440 libri
1409 401 1502 439 satis

161 469 251 510 boni
278 468 417 524 ‘laetus
443 469 559 510 horae
586 469 733 526 linque’
762 470 984 520 exhibeant,
1010 472 1061 512 ita
1090 478 1235 521 tamen,
1270 477 1311 512 ut
1337 472 1502 527 primum

160 557 318 583 versum
345 541 464 584 talem
499 543 648 583 faciant
679 559 812 599 ‘parce
857 544 1029 599 privatus
1069 547 1238 586 nimium·
1267 558 1411 585 cavere
1440 544 1502 584 et’

160 629 300 671 magna
326 629 420 656 sane
448 616 637 672 elegantia
667 617 827 657 Bentleii
853 618 1073 657 coniectura
1102 616 1275 665 excellit,
1305 617 1379 671 <qui
1406 616 1499 657 illud

162 694 208 727 et
235 702 256 728 e
275 689 473 743 superiore
494 701 609 727 versu
629 690 666 728 in
685 689 902 734 inferiorem
917 689 1124 729 transtulit:
1152 695 1191 728 at
1211 691 1341 729 nescio
1362 695 1502 735 tamen,

161 773 210 800 an
238 760 402 800 certiora
429 760 548 800 videri
575 760 741 800 debeant
776 761 890 809 haec,
927 774 1026 816 quae
1060 766 1148 815 post
1174 761 1316 802 Aldum
1342 760 1501 801 lacobus

161 832 367 886 Cruquiuzz,
395 845 486 871 suos
513 833 676 872 fortasse
705 833 857 872 codices
884 838 1051 880 secutus,
1080 834 1214 873 edidit:

405 916 521 959 parce
548 906 719 958 privatus
746 906 905 944 nimium
929 918 1068 946 cavere
1096 910 1134 944 et

405 976 507 1015 dona
534 977 745 1028 praesentis
772 989 868 1030 cape
894 976 1018 1015 laetus
1045 977 1162 1016 horae
1190 991 1242 1016 ac

405 1047 534 1102 linque
562 1061 708 1088 severa.
1044 1095 1047 1097 μ

262 1120 428 1161 Leniore
447 1120 561 1160 etiam
582 1122 792 1160 mutatione
813 1122 936 1160 sanari
958 1126 1120 1176 possunt
1136 1121 1173 1160 hi
1196 1135 1342 1170 versus,
1362 1120 1500 1176 quibus

159 1192 390 1233 incredibilis
418 1193 594 1232 Scaevae
622 1195 789 1248 nequitia
817 1193 1044 1233 describitur
1073 1198 1143 1233 sat.
1172 1192 1214 1233 ll.·
1235 1196 1267 1235 1.
1285 1194 1337 1234 53
1355 1208 1456 1248 sqq.:

525 1267 701 1305 Scaevae
728 1267 901 1306 vivacem
929 1266 1044 1304 crede
1070 1267 1200 1320 nepoti

209 1343 383 1386 matrem,
411 1338 464 1378 nil
490 1339 605 1378 faciet
632 1337 788 1378 sceleris
814 1339 874 1393 pia
903 1339 1083 1378 dextera:
1112 1338 1248 1376 mirum

208 1416 251 1449 ut
275 1422 403 1464 neque
430 1410 538 1450 calce
565 1410 680 1463 lupus
707 1423 940 1464 quemquam
968 1422 1093 1462 neque
1121 1409 1236 1450 dente
1264 1410 1349 1450 ferit
1373 1409 1455 1457 bos,

211 1481 281 1522 sed
307 1481 407 1522 mala
435 1481 545 1522 tollet
572 1495 687 1530 anum
714 1482 848 1523 vitiato
873 1481 989 1522 melle
1008 1481 1153 1521 cicuta.

154 1553 319 1593 Mirum
347 1558 397 1592 ut
425 1568 543 1608 quum
572 1555 610 1593 in
639 1546 793 1607 optimis
820 1553 925 1593 libris
944 1555 1002 1600 sit,
1032 1554 1266 1592 recentiores
1293 1542 1377 1593 eam
1404 1555 1498 1594 scri—

153 1631 305 1682 pturam
332 1628 508 1675 retinent,
536 1640 770 1681 quamquam
790 1624 987 1666 Bentleius
1005 1625 1119 1680 longa
1145 1624 1388 1666 adnotatione
1416 1628 1498 1666 eius

152 1700 356 1738 veritatem
391 1700 641 1753 impugnavit.
690 1697 801 1748 Quae
837 1703 963 1737 tamen
999 1697 1204 1751 disputatio
1238 1698 1367 1751 paullo
1401 1699 1495 1738 infra

152 1772 291 1811 summi
320 1772 390 1811 viri
425 1771 650 1827 dignitatem
690 1770 814 1826 posita
843 1775 912 1810 est.
964 1768 1065 1810 Nam
1107 1784 1234 1825 neque
1272 1772 1378 1825 ipsae
1415 1771 1497 1811 eius

151 1845 395 1884 coniecturae
422 1845 587 1883 mirum
612 1844 656 1882 ni
683 1842 746 1882 vel
775 1843 939 1881 mirum
965 1843 1002 1880 si
1030 1841 1142 1882 valde
1161 1841 1376 1897 probabiles
1396 1847 1496 1890 sunt,

149 1928 277 1971 neque
303 1917 341 1956 in
370 1916 686 1956 commendandis
713 1914 757 1955 iis
776 1916 826 1954 ita
847 1919 1021 1955 versatus
1050 1920 1119 1963 est,
1147 1920 1189 1954 ut
1208 1915 1349 1969 ubique
1377 1928 1497 1969 agno-

150 2001 237 2029 scas
276 1990 402 2029 virum
439 1994 478 2028 et
510 1990 773 2029 acutissimum
809 1992 848 2028 et
875 1985 1010 2027 Latine
1047 1988 1322 2028 doctissimum.
1377 1984 1495 2026 Velut

147 2060 240 2108 hoc,
280 2061 385 2116 quod
410 2062 566 2116 negavit
594 2063 758 2101 mirum
795 2062 843 2102 ad
878 2060 1147 2114 praecedentia
1189 2059 1322 2100 referri
1362 2072 1493 2114 posse,

149 2133 328 2187 quoniam
369 2128 525 2173 minime
565 2134 704 2174 mirum
745 2139 847 2173 esset
887 2138 1048 2173 matrem
1086 2147 1107 2172 a
1136 2132 1212 2172 filio
1248 2144 1325 2171 non
1362 2130 1495 2178 occidi,

148 2205 232 2258 quis
259 2218 337 2245 non
371 2206 475 2246 videt
509 2219 645 2260 parum
682 2211 861 2251 accurate
889 2205 936 2245 ab
964 2205 1029 2245 illo
1058 2206 1201 2246 dictum
1238 2203 1354 2245 esse?
1394 2216 1494 2258 quae
1538 2197 1542 2206 ¹

148 2277 250 2317 enim
275 2278 383 2332 probi
410 2278 587 2319 homines
613 2293 663 2318 ne
686 2292 755 2333 per
783 2280 973 2319 somnium
1001 2278 1156 2334 quidem
1185 2278 1367 2334 cogitant,
1395 2289 1439 2316 ea
1461 2276 1491 2315 si
1520 2300 1523 2303 -

144 2362 223 2390 non
251 2350 365 2389 audet
390 2350 575 2404 perficere
603 2351 782 2405 cognitae
808 2356 847 2390 et
873 2351 1097 2405 exploratae
1133 2350 1327 2405 nequitiae
1362 2346 1492 2395 homo,

144 2420 349 2469 habemus,
390 2423 541 2476 opinor,
570 2436 638 2462 cur
664 2423 865 2462 miremur:
906 2428 1022 2477 atque
1049 2427 1136 2462 utut
1160 2421 1279 2480 verba
1306 2418 1370 2458 vel
1396 2432 1491 2460 con·

144 2493 353 2548 iunguntur
373 2492 434 2532 vel
453 2499 658 2542 mutantur,
685 2493 762 2534 hoc
781 2507 933 2548 semper
954 2492 1133 2540 manebit,
1151 2493 1289 2533 mirum
1308 2490 1344 2532 id
1364 2492 1488 2532 visum
