1669 2839
808 105 873 152 88

158 216 347 272 illamque
380 216 486 269 urbis
513 215 721 270 Italiaeque
762 229 894 255 curam
934 221 1084 256 temere
1113 216 1322 264 miscuerit,
1349 216 1389 256 in
1415 220 1521 256 tanto

120 325 130 334 .
157 288 429 343 Taciti.atque
458 289 592 328 Dionis
617 301 810 327 consensu
837 302 914 327 non
942 287 1092 327 videtur
1126 288 1283 327 dubium
1302 302 1418 327 esse:
1455 302 1522 328 ne-

161 374 238 414 que
263 361 301 400 id
329 349 565 413 magnopere
594 358 817 398 mirabimur
842 360 881 398 in
902 373 959 406 e0‚
989 373 1104 412 quem
1134 360 1289 414 ingenio
1319 360 1460 399 fretum
1484 361 1522 399 in

161 431 366 475 scribendo
408 430 519 470 nimis
562 444 791 483 properasse
825 432 980 469 scimus.
1040 430 1163 474 Multo
1204 433 1327 485 magis
1362 432 1524 478 mireris,

164 501 301 541 eadem
327 501 366 540 in
394 515 436 541 re
464 500 616 555 lapsum
652 515 738 540 esse
767 500 951 541 Carolum
981 499 1294 550 Laclimannum,
1336 498 1525 543 ἄπτωτον

165 571 275 611 illum
317 572 433 611 etiam
459 573 497 612 in
526 574 807 613 minutissimis:
849 575 912 626 qui
949 574 1052 627 quod
1079 574 1231 626 scripsit
1260 575 1298 612 in
1327 572 1526 626 praeclara

166 640 231 680 illa
272 643 322 681 ad
363 642 394 681 F
397 642 595 681 ranckium
637 643 799 697 epistola
829 644 953 693 (Fast.
983 643 1076 682 Hor.
1106 658 1141 697 p.
1169 644 1275 695 240),
1325 642 1456 683 Italiae
1486 649 1524 682 et

169 712 273 751 urbis
316 712 514 753 Romanae
555 727 688 753 curam
729 715 942 754 Maecenati
983 721 1070 768 post
1114 728 1285 768 pugnam
1328 716 1526 754 Actiacam

168 773 416 823 commissam
445 798 543 834 esse,
569 786 608 826 id
634 780 822 825 refutatur
849 785 894 824 iis
923 785 1059 826 Dionis
1078 799 1124 826 ac
1142 784 1267 825 Taciti
1290 784 1398 834 locis,
1426 799 1524 840 quos

168 856 285 895 modo
301 859 705 904 commemoravimus,
735 863 772 896 et
791 859 932 896 rectius
952 859 1115 897 fortasse
1135 858 1362 911 scripsisset,
1387 857 1526 896 eodem

171 931 346 981 tempore
375 927 439 967 illa
470 941 559 967 cura
588 927 741 968 liberari
769 933 953 982 coeptum
981 943 1066 968 esse
1094 930 1218 969 virum
1240 928 1344 983 pacis
1365 932 1405 967 et
1424 932 1528 968 tran-

171 999 365 1052 quillitatis
395 1001 712 1040 amantissimum.
758 1000 904 1040 Invitus
931 1001 1007 1039 hoc
1032 1015 1194 1046 moneo,
1234 1014 1311 1038 non
1339 1005 1382 1038 ut
1413 1000 1529 1053 impie

170 1068 313 1109 violem
333 1070 467 1111 Manes
495 1072 635 1111 summi
663 1071 848 1126 philologi
876 1074 1029 1126 meique
1059 1071 1151 1111 olim
1178 1072 1362 1125 magistri,
1390 1071 1460 1111 sed
1480 1085 1529 1111 ne

171 1143 266 1180 tanti
293 1141 458 1181 hominis
499 1144 726 1189 auctoritas,
767 1148 809 1181 ut
837 1144 928 1181 mihi
965 1144 1031 1182 diu
1059 1144 1184 1182 fraudi
1221 1144 1308 1189 fuit,
1346 1143 1399 1180 ita
1434 1141 1530 1180 alios

170 1212 287 1251 etiam
317 1217 559 1253 transversos
589 1219 688 1269 agat.
729 1212 865 1253 His'ita
886 1214 1098 1268 explicatis,
1125 1219 1296 1268 apparet,
1316 1213 1530 1261 Horatium,

171 1283 202 1321 si
230 1283 313 1322 iure
341 1298 412 1323 suo
442 1286 496 1324 uti
526 1285 692 1333 volebat,
721 1285 826 1325 nullo
856 1292 1033 1341 tempore
1062 1286 1328 1327 Maecenatem
1354 1298 1433 1325 non
1462 1298 1547 1340 pom

171 1356 292 1395 tuisse
320 1357 514 1410 privatum
542 1358 758 1413 appellare:
800 1373 890 1399 nam
919 1374 967 1398 ne
994 1360 1033 1398 in
1059 1360 1184 1412 ipsam
1219 1358 1375 1413 quidem
1402 1356 1532 1397 ltaliae

170 1432 210 1467 et
238 1428 342 1468 urbis
378 1431 662 1484 praefecturam
699 1432 1013 1484 magistratus
1055 1429 1287 1469 vocabulum
1318 1431 1469 1476 cadere,
1499 1429 1531 1468 si

173 1501 330 1556 quidem
349 1507 531 1542 accurate
549 1501 655 1556 loqui
682 1502 861 1552 velimus,
889 1502 979 1541 satis
998 1500 1221 1555 intelligitur
1240 1515 1261 1541 e
1280 1500 1532 1555 Digestorum

173 1572 292 1621 tituli,
331 1573 396 1627 qui
426 1579 485 1613 est
512 1574 577 1627 ‘de
607 1574 754 1627 origine
781 1574 875 1613 iuris
903 1580 941 1613 et
970 1574 1142 1613 omnium
1170 1573 1465 1626 magistratuum
1493 1577 1533 1611 et

171 1645 421 1685 successione
448 1645 710 1697 prudentium'
739 1645 785 1696 (l.
814 1645 861 1696 2)
887 1646 1059 1685 sectione
1086 1644 1155 1691 33,
1199 1643 1263 1682 ubi
1297 1643 1394 1682 haec
1421 1648 1531 1681 sunt:

168 1717 410 1772 ⁴praefectus
449 1730 624 1756 annonae
661 1722 700 1757 et
725 1698 885 1772 sigilum
913 1728 991 1757 non
1028 1721 1117 1756 sunt
1155 1715 1420 1771 magistratuS,
1461 1714 1531 1756 sed

172 1794 282 1829 extra
325 1788 499 1828 ordinem
534 1788 705 1829 utilitatis
739 1804 856 1830 causa
885 1789 1081 1829 constituti
1109 1792 1221 1828 sunt.’
1275 1787 1326 1827 At
1354 1787 1531 1827 decuisse

171 1860 378 1900 Horatium
392 1873 464 1899 suo
479 1859 555 1900 hoc
579 1861 662 1899 iure
682 1863 748 1909 uti,
769 1866 885 1916 negat
904 1866 944 1900 et
961 1865 1149 1915 pernegat
1165 1859 1365 1899 Dacerius.
1409 1857 1531 1899 Recte

172 1934 205 1973 is
221 1933 378 1988 quidem
398 1946 469 1986 pro
488 1931 590 1971 illius
605 1932 725 1972 seculi
744 1938 881 1987 captu3
911 1930 1081 1987 quotidie
1102 1932 1204 1971 enim
1223 1930 1411 1970 Ludovici
1424 1928 1532 1969 XIV.

172 2011 406 2060 purpuratos
434 2010 524 2044 ante
552 2004 687 2045 oculos
714 2004 900 2045 habebat:
929 2018 1010 2051 nos,
1039 2003 1210 2044 moribus
1229 2004 1267 2043 in
1290 2002 1427 2043 melius
1446 2016 1531 2042 mu-

174 2078 283 2134 tatis,
311 2076 478 2115 vidimus
506 2077 716 2129 quosdam,
744 2077 809 2130 qui
836 2076 874 2114 in
900 2088 1051 2114 summa
1077 2076 1308 2114 auctoritate
1335 2087 1381 2114 ac
1409 2073 1532 2129 digni·
1556 2080 1559 2083 “

173 2153 252 2187 tate
279 2146 372 2187 nihil
400 2153 529 2188 tamen
557 2146 763 2194 malebant,
791 2161 909 2201 quam
935 2147 1074 2199 privati
1100 2152 1167 2185 aut
1194 2160 1280 2185 esse
1308 2151 1375 2184 aut
1391 2144 1531 2188 viae-i:

174 2226 291 2275 atque
319 2220 436 2260 talem
465 2221 583 2260 fuisse
604 2219 878 2275 MaQnateQ
908 2218 1134 2269 omnis-eius
1153 2219 1231 2258 vita
1258 2215 1408 2258 clamat.
1451 2214 1531 2256 Ne-

173 2309 250 2350 que
277 2307 372 2334 vero
401 2294 606 2348 quisquam
634 2291 745 2332 facile
772 2292 991 2346 negaverit,
1032 2290 1147 2344 longe
1171 2290 1302 2345 aptius
1329 2288 1532 2329 Horatium

171 2381 219 2409 eo
249 2366 440 2407 vocabulo
469 2365 524 2422 uti
552 2366 725 2420 potuisse
754 2370 854 2411 tum,
881 2363 1002 2419 qtfinn
1023 2362 1098 2411 ille,
1127 2363 1231 2403 omni
1259 2363 1374 2401 etiam
1402 2360 1531 2413 specie

169 2439 418 2494 magistratus
448 2443 576 2484 exuta,
604 2435 848 2493 publicarum
863 2449 991 2476 rerum
1021 2433 1391 2475 administrationem
1411 2436 1530 2471 totam

173 2511 388 2552 Octaviano
418 2511 658 2550 concessisse
701 2508 920 2555 videbatur,
964 2522 1088 2562 neque
1128 2511 1210 2545 erat
1249 2504 1424 2559 profecto
1461 2517 1531 2543 cur
