1669 2839
248 71 251 78 ,
328 68 339 81 .
467 49 503 88 §a
705 79 789 124 ¹²¹
834 97 837 100 .
947 69 950 72 ⁴
1303 62 1393 103 ³52⁷

124 237 135 241 Α,
259 172 286 195 ψ
302 201 322 224 7
345 190 611 244 suspicemur,
625 202 683 230 an
710 190 760 229 ad
787 194 939 243 tempus
965 187 1121 228 mollius
1143 202 1190 229 ac
1215 190 1412 238 remis-ns

76 239 226 322 agere3
235 275 360 317 neque
387 260 599 302 dedecebat
625 275 670 301 ea
697 261 869 316 suspicio
890 259 1103 309 Horatium,
1129 262 1193 315 qui
1217 261 1255 302 in
1282 267 1410 307 extre·

74 339 146 380 mis
172 334 356 390 epistolae
382 333 556 374 versibus
584 334 750 388 ingenue
776 333 994 381 confitetur,
1030 347 1073 375 se
1096 335 1225 389 ipsum
1250 327 1425 381 mom

53 431 55 433 ·
75 423 121 451 ao
136 407 279 449 desidia
295 420 418 462 paene
433 405 628 450 diffluere:
645 420 726 459 me
728 406 916 461 pinguem
930 411 969 445 et
982 405 1143 447 nitidum
1164 405 1262 447 bene
1271 410 1409 447 curata

73 486 176 527 cute
191 480 326 526 vises,
359 492 479 532 quum
510 478 632 519 ridere
668 477 775 518 voles
810 476 987 532 Epicuri
996 478 1046 519 de
1072 492 1191 532 grege
1223 477 1408 533 porcum?

74 552 154 591 Has
181 550 346 603 denique
372 548 501 589 literas
528 550 561 587 A
584 554 627 588 >et
654 547 668 588 1
695 548 796 588 haud
820 562 909 602 raro
935 563 958 589 a
984 548 1141 590 librariis
1172 554 1410 603 permutatas

73 624 172 669 e'sse',
196 626 236 660 et
260 619 323 660 alii
350 626 591 669 monuerunt,
618 619 942 662 velut-Drakenb.
966 620 1018 661 ad
1042 618 1248 661 Liv.XX1.
1266 621 1326 661 10.
1349 621 1408 669 12,

74 700 112 735 et
139 693 349 734 Horatiano
371 692 552 749 exemplo
578 692 817 734 confirmavit
835 692 1032 736 Bentleius
1059 692 1107 734 ad
1133 692 1245 752 epod.
1266 678 1328 733 17.ἱ
1343 694 1405 734 60.

173 765 345 805 Transeo
365 765 529 805 ad‘duos
555 765 675 813 locos,
702 765 840 820 quibus
866 766 962 806 item.
977 780 1093 807 unam
1110 771 1226 820 atque
1244 766 1407 808 eandem

73 838 299 879 medicinam
326 837 581 878 adhibendam
598 851 750 878 censeo.
790 837 900 878 Prior
918 837 982 878 hic
1000 842 1058 879 est
1077 842 1146 878 sat.
1160 835 1186 877 I.
1203 836 1240 878 3.
1255 839 1292 879 6.
1305 852 1407 893 sqq.:

675 908 979 957 si-collibuisset,
1005 909 1052 949 ab
1081 924 1156 949 ovo

176 996 297 1037 usque
324 983 373 1023 ad
401 982 499 1022 mala
527 983 661 1022 citaret
687 980 747 1034 ,lo
774 980 959 1029 Bacche‘,
986 980 1101 1024 modo
1129 996 1278 1023 summa

173 1067 281 1101 voce,
311 1055 425 1094 modo
453 1054 537 1102 hac,
565 1059 719 1094 resonat
747 1066 845 1107 quae
872 1052 1024 1094 chordis
1049 1059 1229 1108 quattuor
1253 1056 1342 1095 ima.

70 1126 200 1178 Quum
227 1140 304 1166 non
332 1126 443 1181 pauci
470 1124 560 1166 olim
589 1124 836 1172 dubitassent,
862 1129 989 1166 utrum
1007 1126 1046 1167 in
1071 1125 1243 1166 secundo
1268 1125 1406 1166 horum

69 1212 249 1238 versuum
290 1197 346 1249 ιΙο
383 1197 554 1238 Bacche’
590 1196 834 1238 scribendum
873 1203 986 1246 esset,
1027 1213 1075 1239 an
1112 1198 1168 1252 ⁸Io
1194 1199 1402 1248 Bacchae’,

68 1270 172 1323 quod
201 1275 240 1308 et
266 1270 462 1322 codicibus
496 1269 724 1323 quibusdam
757 1268 972 1311 confirmari
1005 1270 1179 1311 viderant
1210 1276 1247 1310 et
1279 1276 1401 1312 metro

68 1341 194 1381 solum
231 1342 452 1382 satisfacere
490 1340 725 1389 iudicabant,
765 1346 881 1395 atque
919 1343 1003 1396 ipse
1041 1340 1238 1383 Bentleius
1272 1356 1318 1383 ea
1352 1343 1402 1384 de

68 1415 290 1468 quaestione
325 1414 376 1453 ita
405 1414 580 1461 dixisset,
620 1418 663 1453 ut
689 1414 782 1454 certi
817 1413 909 1454 nihil
949 1418 1128 1468 poneret:
1168 1415 1401 1456 recentiores

66 1485 123 1536 ⁴lo
144 1485 316 1526 Bacche’
341 1471 587 1534 retinuerunt,
614 1486 738 1526 donec
765 1499 887 1540 nuper
905 1485 1060 1525 alterius
1085 1485 1295 1540 scripturae
1312 1501 1401 1542 pro-

66 1562 257 1611 pugnator
288 1559 432 1596 exstitit
460 1558 622 1597 Carolus
649 1556 926 1596 Lachmannus.
982 1557 1056 1607 Qui
1084 1571 1201 1610 quum
1227 1559 1266 1597 in
1293 1572 1400 1600 com-

64 1630 249 1669 mentario
268 1628 498 1670 Lucretiano
518 1644 553 1684 p.
569 1630 618 1667 76
636 1628 733 1668 haec
760 1629 990 1682 scripsisset:
1019 1627 1182 1681 ⁸Horatii
1209 1629 1398 1670 editorum

65 1701 373 1755 superstitionem
399 1715 512 1742 nemo
541 1700 734 1757 probabit,
772 1707 813 1741 ut
840 1713 973 1755 spero,
1007 1702 1075 1755 ‘qui
1107 1702 1278 1743 nondum
1316 1705 1399 1743 ausi

63 1775 138 1813 sint
163 1775 201 1813 in
228 1773 324 1815 libro
344 1774 358 1815 l
380 1790 600 1816 sermonum
626 1775 662 1822 3,
681 1776 704 1814 7
735 1774 901 1814 scribere
925 1775 970 1814 io
999 1774 1232 1824 bacchae',
1261 1772 1400 1816 adsenss

63 1845 219 1885 tientem
233 1845 365 1888 hahuit
383 1847 609 1902 Hauptium:
638 1847 807 1895 mihi,-ut
823 1860 957 1885 verum
978 1847 1108 1894 fatear,
1135 1848 1247 1886 nimis
1267 1847 1397 1887 acule-

62 1922 124 1957 ate
151 1918 301 1959 videtur
340 1919 491 1961 lo‘cutus
520 1934 616 1960 esse.
658 1918 761 1960 Nam
778 1918 816 1960 id
834 1932 926 1959 sane
952 1919 1258 1972 superstitiosum
1286 1920 1395 1967 soret,

63 1988 93 2027 si
119 1989 205 2041 quis
231 1990 268 2029 in
296 1989 369 2031 hac
396 2006 550 2046 quoque
584 2004 698 2031 causa
725 1990 773 2030 ad
804 1990 1023 2030 Blandinios
1056 1989 1173 2030 libros
1207 2004 1396 2043 provoca-

62 2064 130 2105 ret,
170 2061 209 2100 in
237 2060 373 2115 quibus
401 2062 577 2104 omnibus
604 2063 652 2103 io
682 2062 859 2103 bacche
886 2063 972 2102 suit:
1015 2068 1054 2102 at
1080 2067 1184 2105 recte
1212 2062 1394 2109 dicemus,

62 2136 258 2171 cantorem
285 2133 323 2171 in
349 2135 527 2174 convivio
555 2135 669 2189 longe
696 2134 843 2178 facilius
869 2136 911 2174 in—
935 2135 1055 2189 ipsius
1073 2134 1228 2183 Bacchi,
1256 2136 1320 2188 qui
1338 2136 1395 2175 in-

62 2206 119 2241 ter
137 2201 273 2255 poeula
291 2203 428 2245 adesse
454 2205 692 2255 credebatur,
719 2207 1002 2248 invocationem
1028 2207 1193 2250 incidere
1212 2207 1395 2261 potuisse,

62 2287 177 2326 quam
202 2273 510 2323 iti-Baccharum,
538 2291 639 2330 quae
665 2278 792 2319 nullae
809 2279 861 2319 ibi
879 2285 995 2325 erant,
1022 2279 1248 2331 praesertim
1276 2293 1394 2332 quum

62 2349 220 2399 constet,
249 2344 419 2385 sollenne
448 2349 549 2400 apud
568 2349 741 2391 Graecos
759 2351 886 2398 ruisse,
914 2355 957 2389 ut
972 2351 1068 2391 inter
1088 2350 1174 2390 vina
1194 2347 1392 2402 ῖόβακχος,

63 2427 177 2466 quem
205 2416 402 2464 vocabant,
429 2424 641 2459 caneretur.
694 2419 742 2460 lis
769 2435 872 2468 vero,
902 2422 965 2474 qui
990 2423 1029 2463 in
1055 2422 1114 2462 his
1142 2423 1196 2475 io
1221 2420 1390 2462 Bacche'

62 2484 219 2529 brevem
246 2490 410 2531 vocativi
445 2488 632 2543 syllabam
666 2499 822 2548 propter
850 2494 950 2535 arsin
976 2494 1137 2549 produci
1164 2492 1389 2541 iudicabant,

1133 2566 1179 2603 10

1627 242 1669 285 {t-
