1669 2839
788 22 793 25 ’
852 28 948 102 uo·

228 166 375 217 bendos
400 180 452 208 ne
478 166 666 207 tantillum
704 165 859 221 quidem
895 165 1082 211 conferre.
1135 164 1274 206 Morbo
1310 165 1412 208 enim
1437 169 1572 220 turpes

228 238 409 295 permulti
444 244 549 287 sunt,
587 239 652 293 qui
678 252 757 279 non
783 242 874 292 synt
899 236 1113 292 spadones;
1152 237 1201 278 de
1227 235 1402 278 muliebri
1440 241 1569 277 autem

227 311 364 351 morbo
381 316 434 349 ‹ut
460 311 674 366 cogitemus
699 311 775 350 hoc
801 309 908 357 loco,
948 306 1051 355 solo,
1091 308 1245 364 opinor,
1292 306 1569 364 hoc·epitheto

228 384 568 436 ,contaminato
594 382 733 439 grege’
760 395 1051 437 permovemur:
1079 394 1156 435 quo
1188 384 1373 421 concesso
1399 385 1571 435 apparet,

229 469 344 511 quam
372 439 539 495 otiosum
565 467 611 495 ac
638 455 863 511 languidum
896 454 990 493 illud
1030 453 1329 494 additamentum
1361 452 1427 500 sit,
1466 446 1570 506 quod

225 522 353 582 ipsum
379 527 428 568 ad
454 526 529 567 loci
556 529 784 569 sententiam
820 527 914 568 nihil
951 525 1065 581 plane
1099 525 1190 564 novi
1217 524 1341 565 addat.
1393 522 1570 578 Respon-

226 598 372 639 debunt
398 604 527 639 tamen
554 599 730 640 codicum
746 604 1078 655 ,propugnatorem
1107 597 1279 652 potuisse
1305 596 1420 636 etiam
1446 594 1570 641 Hora-

226 670 321 710 tium
341 671 558 718 dormitare,
587 684 713 725 neque
732 672 939 725 quicquam
956 670 1079 724 magis
1098 669 1310 710 cavendum
1331 681 1427 716 esse,
1454 679 1569 722 quam
1596 685 1605 694 ·

225 755 293 790 ne,
334 741 426 782 dum
452 741 647 783 literarum
688 743 816 798 apices
844 747 1000 798 captare
1036 742 1252 791 videamur,
1278 742 1396 796 ‚ipsos
1434 744 1568 794 poetas

227 813 486 854 emendemus.
554 816 865 855 Cumulationem
900 815 1067 868 denique
1106 813 1330 861 verborum,
1375 826 1473 867 quae
1517 811 1569 851 ibi

226 886 411 934 cernitur,
439 883 549 926 simili
577 877 737 927 fortasse
761 885 1030 927 cumulationis
1059 885 1237 940 exemplo
1265 876 1470 935 defendent
1494 883 1569 924 hot

225 971 340 998 carm.
357 956 384 997 Ι.
412 959 470 998 17.
492 956 555 999 14:
583 957 689 1012 ‘hinc
714 958 781 998 tibi
800 959 924 1013 Copia
950 958 1120 998 manabit
1146 958 1193 998 ad
1218 957 1374 1013 plenum
1401 955 1568 1011 benigno

223 1031 322 1072 ruris
348 1029 538 1075 honorum
567 1030 746 1087 opulenta
775 1030 924 1080 cornu’,
953 1045 998 1072 ac
1016 1032 1190 1086 precario
1216 1045 1288 1074 nos
1314 1032 1397 1072 iure
1416 1028 1470 1070 uti
1487 1030 1569 1072 exi-
1611 1032 1616 1037 '

225 1103 444 1152 stimabunt,
472 1097 511 1144 si
523 1110 656 1144 contra
676 1105 896 1152 dixerimus,
920 1103 1075 1158 copiam
1103 1105 1260 1158 copiose
1279 1090 1580 1143 describendam-

225 1156 354 1225 fuisse,
381 1176 494 1217 foeda
513 1190 559 1217 ac
577 1181 675 1216 tetia
695 1178 914 1233 attingenda
934 1190 1021 1218 esse
1039 1177 1175 1233 poetis,
1192 1190 1269 1217 non
1287 1176 1567 1232 exaggeranda.

225 1248 336 1299 Quae
363 1248 515 1306 illorum
542 1251 742 1303 responsio
762 1251 792 1289 si
811 1250 859 1289 ad
879 1263 995 1291 unam
1013 1250 1116 1289 illam
1135 1248 1338 1292 formulam
1365 1253 1567 1313 spectaret

223 1332 338 1375 quam
366 1302 492 1361 adhuc
520 1320 840 1370 examinavimus,
882 1321 971 1362 mihi
990 1320 1153 1376 quidem
1186 1318 1393 1361 tolerabilis
1419 1319 1572 1360 videre-'

222 1399 302 1434 tur:
329 1398 369 1433 at
395 1392 458 1442 illi,
487 1393 517 1432 si
546 1398 723 1432 constare
751 1394 821 1434 sibi
847 1394 990 1441 volent,
1016 1393 1223 1442 habebunt,
1251 1406 1319 1433 cur
1336 1393 1473 1432 iterum
1493 1406 1567 1432 ex-

223 1471 393 1506 cusent
419 1464 640 1514 Horatium,
682 1474 760 1505 non
788 1465 1008 1515 defendant,
1051 1466 1155 1521 quod
1190 1453 1302 1506 illum
1337 1461 1567 1520 Cleopatrae

224 1538 464 1592 ⁴semivirum
506 1537 747 1578 comitatum’
785 1537 927 1593 (Vetg.
941 1539 1035 1578 Aen.
1063 1537 1126 1578 1V.
1155 1539 1251 1590 215)
1298 1530 1565 1578 honestissimo

221 1609 411 1651 vocabulo
443 1612 578 1651 viros
606 1609 831 1665 appellavit,
859 1625 957 1666 quos
985 1611 1160 1667 homines
1187 1616 1345 1666 apparet
1362 1611 1457 1652 <ideo
1487 1617 1567 1652 tur-

221 1697 290 1738 pes
319 1688 357 1721 et
384 1683 663 1741 contaminatos
691 1683 826 1730 fuisse,
854 1673 957 1737 quod
985 1683 1167 1723 carebant
1194 1678 1380 1723 virilitate.
1433 1682 1475 1724 Id
1503 1685 1566 1741 qui

219 1755 408 1811 patienter
435 1755 572 1803 ferunt,
601 1769 737 1796 vereor
756 1769 804 1795 ne
824 1755 1000 1796 iniuriam
1018 1757 1158 1797 faciant
1185 1761 1334 1811 poetae.
1373 1757 1424 1813 At
1441 1758 1566 1811 ipsum

219 1827 295 1869 hoc
321 1825 565 1876 vocabulum,
592 1826 695 1882 quod
722 1842 910 1883 perquam
936 1828 1065 1883 inepte
1092 1842 1194 1869 nunc
1212 1828 1381 1882 poeitum
1406 1828 1565 1878 videtur,
1606 1865 1613 1873 ,

220 1901 252 1940 si
278 1901 330 1941 ita
351 1901 525 1955 ‚positum
566 1900 637 1939 fuit
663 1900 710 1940 ab
739 1899 918 1949 Horatio,
959 1906 1001 1941 ut
1027 1914 1189 1941 acumen
1226 1901 1418 1955 quoddam
1452 1902 1490 1941 in
1518 1915 1572 1956 eo·

220 1973 379 2022 inesset;
407 1973 457 2020 si,
485 1985 673 2027 oxymoro
702 1971 763 2012 vel
790 1971 903 2012 simili
930 1972 1056 2028 aliqua
1082 1972 1203 2028 figura
1231 1987 1341 2021 usus,
1369 1987 1457 2014 cum
1480 1987 1565 2023 ma-

220 2060 295 2101 gna
314 2046 494 2086 irrisionis
522 2045 729 2087 acerbitate
755 2047 827 2086 ista
855 2046 1023 2087 virorum
1050 2051 1201 2101 spectra
1235 2047 1400 2087 notavit:
1443 2035 1589 2103 agno--⁴

219 2132 385 2168 scemus,
410 2119 481 2159 nisi
509 2118 638 2167 fallor,
670 2132 800 2159 carum
835 2104 945 2159 nobis
971 2124 1136 2174 poetam,
1178 2132 1304 2174 neque
1330 2118 1552 2176 mirabimur

218 2190 393 2233 librarios
418 2190 457 2232 in
484 2191 668 2233 eiusmodi
692 2186 779 2234 loco
808 2206 968 2233 errasse.
1013 2191 1148 2233 Potest
1173 2190 1251 2233 tale
1279 2192 1461 2247 quiddam
1473 2207 1562 2240 mue

220 2265 363 2304 tatione
389 2277 466 2304 non
499 2264 611 2314 nimis
651 2265 850 2303 temeraria
887 2263 1007 2303 effici:
1050 2262 1211 2304 viderint
1247 2265 1380 2320 igitur,
1421 2266 1486 2320 qui
1513 2265 1562 2307 de

219 2335 352 2393 primis
377 2326 488 2377 liuius
517 2336 783 2393 disputationis
802 2336 993 2392 principiis
1012 2329 1167 2377 mecum
1186 2338 1441 2389 consentiunt,
1468 2352 1561 2380 num

218 2409 320 2452 hade
346 2410 574 2465 scripturam
601 2403 874 2475 admittendam
900 2405 1089 2450 iudic'ent:
1225 2413 1232 2417 ’
