1669 2839
814 75 874 120 92

169 185 390 226 Varronem
417 186 464 226 de
491 200 534 225 re
560 191 654 225 rust.
678 184 736 224 ΙΙΙ.
765 187 790 223 6
827 193 1029 226 narrantur
1069 187 1117 226 de
1143 186 1253 234 Seio,
1279 186 1356 242 qui
1379 200 1524 242 rpit-

168 262 353 298 curatore
377 263 508 296 ternos
536 270 731 310 pavonum
753 256 882 311 pullos
910 257 1101 313 exigebat.
1154 256 1225 297 Est
1251 261 1391 306 tamen,
1419 258 1524 313 quod

171 330 261 370 huic
277 343 432 383 quoque
459 327 705 381 explicationi
734 328 872 367 obstet.
915 329 1101 376 Decebat,
1129 330 1277 382 opinor,
1304 330 1342 368 in
1362 330 1524 383 epistola
1578 326 1579 329 ¹

172 402 220 441 ad
248 414 367 440 unum
394 400 551 453 quidem
576 398 773 438 hominem
800 401 953 454 scripta,
990 400 1059 445 sed
1088 400 1187 439 edita
1217 413 1264 439 eo
1293 399 1454 440 consilio
1482 406 1526 440 ut

167 487 192 512 a
221 486 338 525 quam
382 470 555 524 plurimis
597 470 810 522 legeretur,
852 473 1022 525 speciem
1064 473 1178 511 etiam
1213 470 1356 510 malam
1382 473 1525 510 vitare:

172 549 239 582 aut
265 541 610 581 demonstrandum
637 542 754 596 igitur
789 543 875 590 erit,
918 542 1022 596 quod
1063 541 1189 582 adhuc
1222 542 1527 582 demonstratum

171 629 249 655 non
278 620 337 654 est
356 620 395 653 et
417 628 591 668 pugnare
619 614 905 668 quodammodo
935 614 1086 653 videtur
1113 628 1201 653 cum
1229 613 1405 654 Senecae
1429 613 1526 653 locis

174 700 292 740 supra
319 685 495 732 laudatis,
524 699 589 724 eas
617 686 826 739 pactioneS‚
855 699 951 740 quas
980 686 1097 725 modo
1125 686 1302 734 diximus,
1329 686 1382 725 ita
1409 686 1526 725 usita-

175 765 233 798 tas
260 758 388 804 fuisse,
417 763 460 795 ut
488 758 602 795 etiam
622 758 687 810 qui
706 756 863 796 Ulubris
882 758 946 797 vel
964 757 1111 797 Ilerdae
1140 757 1342 811 epistolam
1366 757 1525 810 legeret,

171 842 329 868 versum
355 827 464 867 illum
483 840 532 866 ne
558 832 691 880 posset
718 828 875 880 quidem
902 829 1053 867 sinistre
1079 828 1331 881 interpretari,
1359 832 1425 866 aut
1442 840 1526 866 ma-

170 913 342 954 gnopere
370 897 646 946 dubitabimus,
675 913 723 938 an
750 898 843 938 illud
870 912 1025 953 quoque
1052 899 1264 952 speciosius
1291 898 1340 936 sit
1366 898 1525 951 excogi-

164 975 293 1010 tatum
320 983 437 1024 quam
463 970 604 1008 verius.
648 971 775 1024 Atque
795 972 917 1011 fateor
931 976 1072 1018 tamen,
1102 984 1164 1009 me
1191 983 1348 1024 quoque
1368 970 1406 1009 in
1424 968 1524 1010 hanc

172 1042 402 1081 sententiam
430 1040 593 1094 pedibus
620 1042 762 1080 iturum
792 1056 895 1089 esse,
925 1057 1044 1096 quum
1072 1055 1300 1096 persuasum
1326 1040 1418 1079 mihi
1441 1042 1524 1089 erit,

171 1119 324 1154 veteres
345 1113 571 1167 interpretes
593 1113 759 1168 paucula
779 1113 860 1163 illa,
890 1128 989 1169 quae
1018 1114 1066 1153 de
1092 1113 1191 1154 Iccio
1215 1114 1406 1168 Agrippae
1433 1127 1523 1167 pro-

170 1191 350 1226 curatore
384 1184 554 1232 tradunt,
597 1199 647 1223 ex
689 1199 823 1224 eorum
865 1186 1149 1225 commentariis
1189 1186 1418 1239 sumpsisse,
1459 1185 1525 1238 qui

171 1271 248 1297 non
276 1258 329 1296 ita
356 1256 421 1296 diu
449 1261 537 1310 post
571 1261 711 1311 poetae
747 1262 912 1296 mortem
942 1257 990 1297 de
1016 1258 1193 1311 personis
1221 1256 1440 1297 Horatianis
1466 1257 1525 1296 vi-

170 1331 309 1368 dentur
336 1328 547 1380 scripsisse.
588 1326 643 1365 Ita
671 1329 875 1381 quominus
904 1334 1081 1376 statuam,
1109 1330 1237 1368 Acron
1265 1342 1328 1367 me
1354 1328 1524 1382 impedit,

171 1402 236 1456 qui
255 1406 344 1456 post
364 1413 421 1447 ea,
449 1413 549 1453 quae
565 1413 680 1453 supra
696 1401 983 1454 exscripsimus,
1011 1401 1108 1441 haec
1136 1400 1257 1440 addit:
1286 1401 1365 1454 ‘alii
1384 1401 1523 1448 dicunt,

171 1474 275 1525 quod
303 1485 419 1524 agros
437 1470 504 1518 gilli
530 1472 568 1507 in
597 1470 726 1507 Sicilia
768 1471 980 1508 donaverat
1008 1471 1211 1525 Agrippa':
1247 1472 1397 1510 accedit
1424 1472 1522 1510 Cru-

171 1544 333 1598 quianus
354 1546 650 1588 commentator,
680 1542 743 1595 qui
766 1542 901 1581 eadem
922 1541 1048 1590 habet,
1071 1543 1143 1582 nisi
1160 1544 1263 1596 quod
1284 1557 1361 1582 non
1383 1542 1523 1582 allios

169 1617 221 1654 ita
250 1615 392 1653 dixisse
420 1614 490 1659 ait,
524 1612 592 1651 sed
621 1611 830 1665 aliquos!
885 1613 1136 1667 Perspicuum
1166 1612 1206 1651 fit
1233 1615 1314 1667 ipsa
1343 1613 1415 1652 hac
1443 1615 1524 1668 opi-

171 1687 329 1726 nionum
359 1684 597 1732 diversitate,
637 1698 685 1724 ne
718 1691 871 1725 veteres
911 1686 1067 1740 quidem
1108 1687 1315 1741 quicquam
1355 1687 1449 1726 certi
1476 1686 1524 1725 de

170 1758 270 1797 Iccio
299 1758 481 1796 traditum
508 1757 724 1809 accepisse,
765 1762 965 1810 totamque
999 1771 1081 1796 rem
1109 1758 1186 1796 iam
1213 1763 1303 1797 tunc
1329 1758 1368 1798 in
1395 1758 1525 1797 conie-

170 1836 279 1869 ctura
320 1830 480 1883 ipsaque
518 1827 619 1867 illius
661 1841 799 1866 versus
837 1829 1149 1882 interpretatione
1190 1830 1354 1883 positam
1396 1830 1524 1869 fuisse.

170 1902 227 1941 Eo
248 1907 378 1941 autem
407 1901 562 1940 modulo
592 1914 710 1953 quum
730 1900 858 1939 varios
877 1901 1130 1953 interpretum
1148 1907 1311 1941 conatus
1335 1902 1525 1949 metimur,

169 1973 299 2013 nullus
327 1986 371 2011 ea
400 1971 668 2026 probabilitate
697 1971 891 2011 excellere
918 1972 1120 2020 videbitur,
1154 1986 1174 2011 a
1204 1987 1278 2027 qua
1306 1973 1387 2014 sola
1417 1987 1524 2013 com-

170 2045 458 2085 mendationem
484 2043 627 2082 habent
654 2044 917 2083 coniecturae:
946 2046 1116 2099 scioque,
1143 2051 1221 2087 non
1246 2059 1309 2084 me
1327 2045 1453 2086 solum
1473 2047 1524 2085 ita

173 2119 329 2166 sentire,
356 2117 425 2157 sed
446 2115 542 2156 alios
565 2116 696 2163 etiam,
725 2130 889 2170 quorum
923 2117 1105 2157 iudicium
1133 2118 1171 2158 in
1200 2119 1388 2158 eiusmodi
1411 2118 1526 2158 rebus

170 2204 258 2229 meo
301 2195 537 2243 anteponere
578 2188 698 2228 soleo.
742 2187 845 2227 Novi
873 2190 988 2244 igitur
1016 2189 1157 2244 aliquid
1186 2205 1304 2245 quum
1337 2204 1525 2245 quaeren-

171 2263 262 2302 dum
282 2264 340 2310 sit,
360 2261 523 2301 multum
554 2261 733 2315 equidem
756 2262 883 2300 versui
902 2261 1014 2300 huius
1042 2262 1228 2315 epistolae
1246 2263 1298 2301 26
1318 2261 1524 2300 tribuerim.

170 2333 273 2373 Nam
301 2334 402 2387 quod
438 2334 559 2381 aiunt,
600 2332 809 2386 Agrippam
837 2332 887 2371 ibi
915 2334 1042 2387 priore
1070 2333 1157 2373 loco
1195 2339 1283 2373 ante
1317 2333 1522 2374 Claudium

170 2405 369 2445 Neronem
396 2405 632 2459 appellatum
661 2418 764 2453 esse,
793 2406 973 2459 quoniam
999 2404 1089 2445 Iccii
1116 2411 1301 2459 patronus
1330 2405 1458 2454 fuerit,
1484 2406 1522 2445 id

170 2476 327 2531 quidem
369 2476 456 2517 leve
498 2483 573 2525 est,
619 2491 738 2532 quum
779 2476 874 2516 aliae
917 2477 1138 2532 complures
1179 2476 1453 2532 explicationes
1484 2478 1522 2519 in
