<?xml version="1.0" encoding="UTF-8"?>
<!DOCTYPE html PUBLIC "-//W3C//DTD XHTML 1.0 Transitional//EN"
    "http://www.w3.org/TR/xhtml1/DTD/xhtml1-transitional.dtd">
<html xmlns="http://www.w3.org/1999/xhtml" xml:lang="en" lang="en">
 <head>
  <title>
</title>
<meta http-equiv="Content-Type" content="text/html;charset=utf-8" />
  <meta name='ocr-system' content='tesseract 3.04.00' />
  <meta name='ocr-capabilities' content='ocr_page ocr_carea ocr_par ocr_line ocrx_word'/>
</head>
<body>
  <div class='ocr_page' id='page_1' title='image "./4738087_0104.png"; bbox 0 0 1669 2839; ppageno 0'>
   <div class='ocr_carea' id='block_1_1' title="bbox 24 0 401 95">
    <p class='ocr_par' dir='ltr' id='par_1_1' title="bbox 24 0 401 95">
     <span class='ocr_line' id='line_1_1' title="bbox 24 0 401 95; baseline 0 2744"><span class='ocrx_word' id='word_1_1' title='bbox 24 0 401 95; x_wconf 95' lang='lat' dir='ltr'><strong> </strong></span> 
     </span>
    </p>
   </div>
   <div class='ocr_carea' id='block_1_2' title="bbox 1088 0 1170 121">
    <p class='ocr_par' dir='ltr' id='par_1_2' title="bbox 1088 0 1170 121">
     <span class='ocr_line' id='line_1_2' title="bbox 1088 12 1109 121; textangle 90"><span class='ocrx_word' id='word_1_2' title='bbox 1089 108 1102 121; x_wconf 59' lang='grc' dir='ltr'><strong>,ν</strong></span> <span class='ocrx_word' id='word_1_3' title='bbox 1088 86 1102 99; x_wconf 62' lang='lat'><strong>⁴«-</strong></span> <span class='ocrx_word' id='word_1_4' title='bbox 1090 12 1109 43; x_wconf 54' lang='lat'><strong>&#39;³⁹&#39;-</strong></span> 
     </span>
     <span class='ocr_line' id='line_1_3' title="bbox 1120 0 1134 87; textangle 90"><span class='ocrx_word' id='word_1_5' title='bbox 1120 76 1129 87; x_wconf 53' lang='grc'><strong>,.</strong></span> <span class='ocrx_word' id='word_1_6' title='bbox 1120 0 1134 21; x_wconf 50' lang='lat' dir='ltr'><strong>¹st</strong></span> 
     </span>
     <span class='ocr_line' id='line_1_4' title="bbox 1103 0 1170 61; textangle 90"><span class='ocrx_word' id='word_1_7' title='bbox 1103 0 1170 61; x_wconf 40' lang='lat' dir='ltr'><strong>³⁵3}ss-</strong></span> 
     </span>
    </p>
   </div>
   <div class='ocr_carea' id='block_1_3' title="bbox 121 209 1473 2119">
    <p class='ocr_par' dir='ltr' id='par_1_3' title="bbox 121 209 1473 2119">
     <span class='ocr_line' id='line_1_5' title="bbox 121 209 1466 279; baseline -0.002 -24"><span class='ocrx_word' id='word_1_8' title='bbox 121 209 443 279; x_wconf 46' lang='lat' dir='ltr'><strong>Wssjfflh</strong></span> <span class='ocrx_word' id='word_1_9' title='bbox 471 219 524 255; x_wconf 79' lang='lat' dir='ltr'><strong>at</strong></span> <span class='ocrx_word' id='word_1_10' title='bbox 550 214 632 255; x_wconf 74' lang='lat' dir='ltr'><strong>cui</strong></span> <span class='ocrx_word' id='word_1_11' title='bbox 653 226 730 252; x_wconf 88' lang='lat' dir='ltr'><strong>non</strong></span> <span class='ocrx_word' id='word_1_12' title='bbox 769 212 944 251; x_wconf 85' lang='lat' dir='ltr'><strong>videatur</strong></span> <span class='ocrx_word' id='word_1_13' title='bbox 982 210 1111 264; x_wconf 88' lang='lat' dir='ltr'><strong>plane</strong></span> <span class='ocrx_word' id='word_1_14' title='bbox 1126 210 1364 258; x_wconf 73' lang='lat' dir='ltr'><strong>incredibile,</strong></span> <span class='ocrx_word' id='word_1_15' title='bbox 1400 217 1466 252; x_wconf 87' lang='lat' dir='ltr'><strong>aut</strong></span> 
     </span>
     <span class='ocr_line' id='line_1_6' title="bbox 129 281 1464 332; baseline -0.006 0"><span class='ocrx_word' id='word_1_16' title='bbox 129 289 271 332; x_wconf 80' lang='lat' dir='ltr'>Iccium</span> <span class='ocrx_word' id='word_1_17' title='bbox 309 287 357 328; x_wconf 91' lang='lat' dir='ltr'><strong>de</strong></span> <span class='ocrx_word' id='word_1_18' title='bbox 388 288 627 329; x_wconf 70' lang='lat' dir='ltr'><strong>formnarum</strong></span> <span class='ocrx_word' id='word_1_19' title='bbox 663 297 819 324; x_wconf 85' lang='lat' dir='ltr'><strong>suarum</strong></span> <span class='ocrx_word' id='word_1_20' title='bbox 850 288 1008 324; x_wconf 82' lang='lat' dir='ltr'><strong>auctore</strong></span> <span class='ocrx_word' id='word_1_21' title='bbox 1031 286 1136 322; x_wconf 79' lang='lat' dir='ltr'><strong>tam</strong></span> <span class='ocrx_word' id='word_1_22' title='bbox 1153 294 1232 322; x_wconf 91' lang='lat' dir='ltr'><strong>non</strong></span> <span class='ocrx_word' id='word_1_23' title='bbox 1263 281 1464 324; x_wconf 87' lang='lat' dir='ltr'><strong>sollicitum</strong></span> 
     </span>
     <span class='ocr_line' id='line_1_7' title="bbox 131 354 1465 408; baseline -0.005 -8"><span class='ocrx_word' id='word_1_24' title='bbox 131 361 261 407; x_wconf 81' lang='lat' dir='ltr'><strong>luisse,</strong></span> <span class='ocrx_word' id='word_1_25' title='bbox 288 365 332 399; x_wconf 91' lang='lat' dir='ltr'><strong>ut</strong></span> <span class='ocrx_word' id='word_1_26' title='bbox 358 359 407 398; x_wconf 91' lang='lat' dir='ltr'><strong>de</strong></span> <span class='ocrx_word' id='word_1_27' title='bbox 433 358 516 397; x_wconf 88' lang='lat' dir='ltr'><strong>eius</strong></span> <span class='ocrx_word' id='word_1_28' title='bbox 545 370 594 396; x_wconf 88' lang='lat' dir='ltr'><strong>ex</strong></span> <span class='ocrx_word' id='word_1_29' title='bbox 609 356 813 395; x_wconf 86' lang='lat' dir='ltr'><strong>Cantabris</strong></span> <span class='ocrx_word' id='word_1_30' title='bbox 837 359 1032 408; x_wconf 85' lang='lat' dir='ltr'><strong>reportata</strong></span> <span class='ocrx_word' id='word_1_31' title='bbox 1050 354 1214 393; x_wconf 87' lang='lat' dir='ltr'><strong>victoria</strong></span> <span class='ocrx_word' id='word_1_32' title='bbox 1234 354 1400 407; x_wconf 89' lang='lat' dir='ltr'><strong>primum</strong></span> <span class='ocrx_word' id='word_1_33' title='bbox 1419 355 1465 393; x_wconf 88' lang='lat' dir='ltr'><strong>ab</strong></span> 
     </span>
     <span class='ocr_line' id='line_1_8' title="bbox 128 424 1468 482; baseline -0.007 -9"><span class='ocrx_word' id='word_1_34' title='bbox 128 431 289 472; x_wconf 89' lang='lat' dir='ltr'><strong>Horatio</strong></span> <span class='ocrx_word' id='word_1_35' title='bbox 316 429 490 470; x_wconf 88' lang='lat' dir='ltr'><strong>nuntium</strong></span> <span class='ocrx_word' id='word_1_36' title='bbox 518 427 692 482; x_wconf 86' lang='lat' dir='ltr'><strong>accipere</strong></span> <span class='ocrx_word' id='word_1_37' title='bbox 719 425 897 482; x_wconf 84' lang='lat' dir='ltr'><strong>potuerit,</strong></span> <span class='ocrx_word' id='word_1_38' title='bbox 924 430 990 464; x_wconf 89' lang='lat' dir='ltr'><strong>aut</strong></span> <span class='ocrx_word' id='word_1_39' title='bbox 1007 424 1210 464; x_wconf 80' lang='lat' dir='ltr'><strong>Horatium</strong></span> <span class='ocrx_word' id='word_1_40' title='bbox 1230 437 1308 464; x_wconf 91' lang='lat' dir='ltr'><strong>non</strong></span> <span class='ocrx_word' id='word_1_41' title='bbox 1326 424 1468 479; x_wconf 86' lang='lat' dir='ltr'><strong>aliquid</strong></span> 
     </span>
     <span class='ocr_line' id='line_1_9' title="bbox 129 496 1467 550; baseline -0.004 -8"><span class='ocrx_word' id='word_1_42' title='bbox 129 503 347 542; x_wconf 88' lang='lat' dir='ltr'><strong>additurum</strong></span> <span class='ocrx_word' id='word_1_43' title='bbox 375 501 491 538; x_wconf 82' lang='lat' dir='ltr'><strong>fuisse</strong></span> <span class='ocrx_word' id='word_1_44' title='bbox 517 500 621 539; x_wconf 89' lang='lat' dir='ltr'><strong>nudo</strong></span> <span class='ocrx_word' id='word_1_45' title='bbox 648 499 787 538; x_wconf 89' lang='lat' dir='ltr'><strong>summi</strong></span> <span class='ocrx_word' id='word_1_46' title='bbox 812 498 883 536; x_wconf 89' lang='lat' dir='ltr'><strong>viri</strong></span> <span class='ocrx_word' id='word_1_47' title='bbox 909 498 1070 542; x_wconf 88' lang='lat' dir='ltr'><strong>nomini,</strong></span> <span class='ocrx_word' id='word_1_48' title='bbox 1106 510 1181 549; x_wconf 93' lang='lat' dir='ltr'><strong>quo</strong></span> <span class='ocrx_word' id='word_1_49' title='bbox 1208 496 1309 536; x_wconf 91' lang='lat' dir='ltr'><strong>illius</strong></span> <span class='ocrx_word' id='word_1_50' title='bbox 1336 498 1467 550; x_wconf 86' lang='lat' dir='ltr'><strong>pietati</strong></span> 
     </span>
     <span class='ocr_line' id='line_1_10' title="bbox 130 566 1466 625; baseline -0.005 -11"><span class='ocrx_word' id='word_1_51' title='bbox 130 570 394 614; x_wconf 78' lang='lat' dir='ltr'><strong>satisfaceret?</strong></span> <span class='ocrx_word' id='word_1_52' title='bbox 432 570 586 610; x_wconf 88' lang='lat' dir='ltr'><strong>Scimus</strong></span> <span class='ocrx_word' id='word_1_53' title='bbox 613 572 810 625; x_wconf 87' lang='lat' dir='ltr'><strong>praeterea</strong></span> <span class='ocrx_word' id='word_1_54' title='bbox 837 566 978 607; x_wconf 86' lang='lat' dir='ltr'>Iccium</span> <span class='ocrx_word' id='word_1_55' title='bbox 1000 567 1039 605; x_wconf 90' lang='lat' dir='ltr'><strong>in</strong></span> <span class='ocrx_word' id='word_1_56' title='bbox 1060 566 1240 614; x_wconf 88' lang='lat' dir='ltr'><strong>Siciliam,</strong></span> <span class='ocrx_word' id='word_1_57' title='bbox 1265 566 1370 606; x_wconf 89' lang='lat' dir='ltr'><strong>illam</strong></span> <span class='ocrx_word' id='word_1_58' title='bbox 1389 569 1466 610; x_wconf 86' lang='lat' dir='ltr'><strong>fru-</strong></span> 
     </span>
     <span class='ocr_line' id='line_1_11' title="bbox 130 638 1467 689; baseline -0.001 -7"><span class='ocrx_word' id='word_1_59' title='bbox 130 643 352 683; x_wconf 82' lang='lat' dir='ltr'><strong>mentariam</strong></span> <span class='ocrx_word' id='word_1_60' title='bbox 373 642 477 682; x_wconf 93' lang='lat' dir='ltr'><strong>urbis</strong></span> <span class='ocrx_word' id='word_1_61' title='bbox 507 641 773 689; x_wconf 62' lang='lat' dir='ltr'><strong>cellam„ideo</strong></span> <span class='ocrx_word' id='word_1_62' title='bbox 802 653 844 679; x_wconf 90' lang='lat' dir='ltr'><strong>se</strong></span> <span class='ocrx_word' id='word_1_63' title='bbox 864 638 1089 685; x_wconf 85' lang='lat' dir='ltr'><strong>contulisse,</strong></span> <span class='ocrx_word' id='word_1_64' title='bbox 1118 643 1159 677; x_wconf 88' lang='lat' dir='ltr'><strong>ut</strong></span> <span class='ocrx_word' id='word_1_65' title='bbox 1186 638 1338 679; x_wconf 87' lang='lat' dir='ltr'><strong>divitias</strong></span> <span class='ocrx_word' id='word_1_66' title='bbox 1362 646 1467 681; x_wconf 84' lang='lat' dir='ltr'><strong>certe</strong></span> 
     </span>
     <span class='ocr_line' id='line_1_12' title="bbox 130 709 1467 768; baseline -0.002 -13"><span class='ocrx_word' id='word_1_67' title='bbox 130 714 343 755; x_wconf 89' lang='lat' dir='ltr'><strong>mediocres</strong></span> <span class='ocrx_word' id='word_1_68' title='bbox 371 712 581 768; x_wconf 89' lang='lat' dir='ltr'><strong>colligeret.</strong></span> <span class='ocrx_word' id='word_1_69' title='bbox 625 711 666 752; x_wconf 92' lang='lat' dir='ltr'><strong>Id</strong></span> <span class='ocrx_word' id='word_1_70' title='bbox 694 712 758 767; x_wconf 92' lang='lat' dir='ltr'><strong>qui</strong></span> <span class='ocrx_word' id='word_1_71' title='bbox 779 709 969 750; x_wconf 81' lang='lat' dir='ltr'><strong>faciebant</strong></span> <span class='ocrx_word' id='word_1_72' title='bbox 987 731 1037 737; x_wconf 94' lang='lat'>—</span> <span class='ocrx_word' id='word_1_73' title='bbox 1060 710 1197 748; x_wconf 89' lang='lat' dir='ltr'><strong>fecisse</strong></span> <span class='ocrx_word' id='word_1_74' title='bbox 1220 715 1348 750; x_wconf 86' lang='lat' dir='ltr'><strong>autem</strong></span> <span class='ocrx_word' id='word_1_75' title='bbox 1366 711 1467 752; x_wconf 90' lang='lat' dir='ltr'><strong>haud</strong></span> 
     </span>
     <span class='ocr_line' id='line_1_13' title="bbox 129 780 1469 839; baseline 0 -15"><span class='ocrx_word' id='word_1_76' title='bbox 129 799 274 839; x_wconf 88' lang='lat' dir='ltr'><strong>paucos</strong></span> <span class='ocrx_word' id='word_1_77' title='bbox 303 790 341 824; x_wconf 87' lang='lat' dir='ltr'><strong>et</strong></span> <span class='ocrx_word' id='word_1_78' title='bbox 373 785 557 824; x_wconf 88' lang='lat' dir='ltr'><strong>honestos</strong></span> <span class='ocrx_word' id='word_1_79' title='bbox 597 785 751 838; x_wconf 89' lang='lat' dir='ltr'><strong>quidem</strong></span> <span class='ocrx_word' id='word_1_80' title='bbox 779 784 883 822; x_wconf 91' lang='lat' dir='ltr'><strong>cives</strong></span> <span class='ocrx_word' id='word_1_81' title='bbox 914 781 1123 828; x_wconf 83' lang='lat' dir='ltr'><strong>Romanos,</strong></span> <span class='ocrx_word' id='word_1_82' title='bbox 1159 780 1299 821; x_wconf 87' lang='lat' dir='ltr'><strong>Cicero</strong></span> <span class='ocrx_word' id='word_1_83' title='bbox 1340 785 1469 824; x_wconf 91' lang='lat' dir='ltr'><strong>multis</strong></span> 
     </span>
     <span class='ocr_line' id='line_1_14' title="bbox 129 850 1469 911; baseline -0.003 -16"><span class='ocrx_word' id='word_1_84' title='bbox 129 854 378 895; x_wconf 89' lang='lat' dir='ltr'><strong>Verrinarum</strong></span> <span class='ocrx_word' id='word_1_85' title='bbox 418 854 513 894; x_wconf 91' lang='lat' dir='ltr'><strong>locis</strong></span> <span class='ocrx_word' id='word_1_86' title='bbox 554 853 740 909; x_wconf 85' lang='lat' dir='ltr'><strong>significat</strong></span> <span class='ocrx_word' id='word_1_87' title='bbox 768 878 815 884; x_wconf 90' lang='lat'><strong>—</strong></span> <span class='ocrx_word' id='word_1_88' title='bbox 841 854 866 892; x_wconf 91' lang='lat' dir='ltr'><strong>ii</strong></span> <span class='ocrx_word' id='word_1_89' title='bbox 894 853 973 891; x_wconf 83' lang='lat' dir='ltr'><strong>fere</strong></span> <span class='ocrx_word' id='word_1_90' title='bbox 999 864 1077 890; x_wconf 91' lang='lat' dir='ltr'><strong>non</strong></span> <span class='ocrx_word' id='word_1_91' title='bbox 1114 850 1275 891; x_wconf 84' lang='lat' dir='ltr'><strong>aliorum</strong></span> <span class='ocrx_word' id='word_1_92' title='bbox 1304 856 1469 911; x_wconf 82' lang='lat' dir='ltr'><strong>praediis</strong></span> 
     </span>
     <span class='ocr_line' id='line_1_15' title="bbox 129 922 1468 980; baseline 0.002 -16"><span class='ocrx_word' id='word_1_93' title='bbox 129 930 348 980; x_wconf 81' lang='lat' dir='ltr'><strong>praeerant,</strong></span> <span class='ocrx_word' id='word_1_94' title='bbox 376 926 444 964; x_wconf 91' lang='lat' dir='ltr'><strong>sed</strong></span> <span class='ocrx_word' id='word_1_95' title='bbox 478 926 635 965; x_wconf 88' lang='lat' dir='ltr'><strong>arabant</strong></span> <span class='ocrx_word' id='word_1_96' title='bbox 661 925 743 979; x_wconf 91' lang='lat' dir='ltr'><strong>ipsi,</strong></span> <span class='ocrx_word' id='word_1_97' title='bbox 773 930 812 964; x_wconf 85' lang='lat' dir='ltr'><strong>et</strong></span> <span class='ocrx_word' id='word_1_98' title='bbox 838 922 1095 976; x_wconf 87' lang='lat' dir='ltr'><strong>coniungebat</strong></span> <span class='ocrx_word' id='word_1_99' title='bbox 1122 936 1210 962; x_wconf 90' lang='lat' dir='ltr'><strong>cum</strong></span> <span class='ocrx_word' id='word_1_100' title='bbox 1238 926 1468 977; x_wconf 83' lang='lat' dir='ltr'><strong>agricultura</strong></span> 
     </span>
     <span class='ocr_line' id='line_1_16' title="bbox 125 992 1468 1046; baseline 0.001 -10"><span class='ocrx_word' id='word_1_101' title='bbox 125 1002 386 1039; x_wconf 87' lang='lat' dir='ltr'><strong>mercaturam</strong></span> <span class='ocrx_word' id='word_1_102' title='bbox 413 997 710 1046; x_wconf 76' lang='lat' dir='ltr'><strong>frumentariam.</strong></span> <span class='ocrx_word' id='word_1_103' title='bbox 751 994 898 1046; x_wconf 84' lang='lat' dir='ltr'><strong>Quodsi</strong></span> <span class='ocrx_word' id='word_1_104' title='bbox 911 994 1124 1042; x_wconf 78' lang='lat' dir='ltr'><strong>statuimus,</strong></span> <span class='ocrx_word' id='word_1_105' title='bbox 1151 992 1305 1043; x_wconf 87' lang='lat' dir='ltr'><strong>Iccium,</strong></span> <span class='ocrx_word' id='word_1_106' title='bbox 1330 995 1468 1039; x_wconf 85' lang='lat' dir='ltr'><strong>horum</strong></span> 
     </span>
     <span class='ocr_line' id='line_1_17' title="bbox 130 1064 1468 1122; baseline 0.001 -15"><span class='ocrx_word' id='word_1_107' title='bbox 130 1067 307 1122; x_wconf 89' lang='lat' dir='ltr'><strong>exempla</strong></span> <span class='ocrx_word' id='word_1_108' title='bbox 335 1082 453 1121; x_wconf 90' lang='lat' dir='ltr'><strong>quum</strong></span> <span class='ocrx_word' id='word_1_109' title='bbox 481 1072 723 1122; x_wconf 84' lang='lat' dir='ltr'><strong>sequeretur,</strong></span> <span class='ocrx_word' id='word_1_110' title='bbox 762 1066 957 1106; x_wconf 90' lang='lat' dir='ltr'><strong>delituisse</strong></span> <span class='ocrx_word' id='word_1_111' title='bbox 988 1064 1052 1104; x_wconf 91' lang='lat' dir='ltr'><strong>vel</strong></span> <span class='ocrx_word' id='word_1_112' title='bbox 1078 1079 1167 1105; x_wconf 91' lang='lat' dir='ltr'><strong>rure</strong></span> <span class='ocrx_word' id='word_1_113' title='bbox 1194 1065 1258 1104; x_wconf 92' lang='lat' dir='ltr'><strong>vel</strong></span> <span class='ocrx_word' id='word_1_114' title='bbox 1283 1067 1320 1106; x_wconf 87' lang='lat' dir='ltr'><strong>in</strong></span> <span class='ocrx_word' id='word_1_115' title='bbox 1348 1082 1468 1122; x_wconf 87' lang='lat' dir='ltr'><strong>parvo</strong></span> 
     </span>
     <span class='ocr_line' id='line_1_18' title="bbox 128 1138 1472 1194; baseline 0.003 -15"><span class='ocrx_word' id='word_1_116' title='bbox 128 1138 256 1193; x_wconf 86' lang='lat' dir='ltr'><strong>aliquo</strong></span> <span class='ocrx_word' id='word_1_117' title='bbox 273 1138 468 1194; x_wconf 89' lang='lat' dir='ltr'><strong>oppidulo,</strong></span> <span class='ocrx_word' id='word_1_118' title='bbox 488 1154 642 1194; x_wconf 92' lang='lat' dir='ltr'><strong>quoque</strong></span> <span class='ocrx_word' id='word_1_119' title='bbox 658 1141 783 1180; x_wconf 86' lang='lat' dir='ltr'><strong>minus</strong></span> <span class='ocrx_word' id='word_1_120' title='bbox 798 1143 1001 1179; x_wconf 88' lang='lat' dir='ltr'><strong>contentus</strong></span> <span class='ocrx_word' id='word_1_121' title='bbox 1021 1142 1103 1177; x_wconf 86' lang='lat' dir='ltr'><strong>erat</strong></span> <span class='ocrx_word' id='word_1_122' title='bbox 1116 1151 1270 1177; x_wconf 88' lang='lat' dir='ltr'><strong>suarum</strong></span> <span class='ocrx_word' id='word_1_123' title='bbox 1292 1153 1472 1183; x_wconf 85' lang='lat' dir='ltr'><strong>curarum</strong></span> 
     </span>
     <span class='ocr_line' id='line_1_19' title="bbox 128 1210 1469 1266; baseline 0.004 -18"><span class='ocrx_word' id='word_1_124' title='bbox 128 1215 338 1264; x_wconf 88' lang='lat' dir='ltr'><strong>proventu,</strong></span> <span class='ocrx_word' id='word_1_125' title='bbox 366 1225 412 1250; x_wconf 93' lang='lat' dir='ltr'><strong>eo</strong></span> <span class='ocrx_word' id='word_1_126' title='bbox 440 1212 562 1266; x_wconf 85' lang='lat' dir='ltr'><strong>magis</strong></span> <span class='ocrx_word' id='word_1_127' title='bbox 589 1212 695 1265; x_wconf 90' lang='lat' dir='ltr'><strong>operi</strong></span> <span class='ocrx_word' id='word_1_128' title='bbox 719 1212 906 1250; x_wconf 88' lang='lat' dir='ltr'><strong>intentum</strong></span> <span class='ocrx_word' id='word_1_129' title='bbox 933 1210 1061 1255; x_wconf 82' lang='lat' dir='ltr'><strong>fuisse,</strong></span> <span class='ocrx_word' id='word_1_130' title='bbox 1087 1214 1220 1262; x_wconf 88' lang='lat' dir='ltr'><strong>atque,</strong></span> <span class='ocrx_word' id='word_1_131' title='bbox 1260 1211 1291 1249; x_wconf 93' lang='lat' dir='ltr'><strong>si</strong></span> <span class='ocrx_word' id='word_1_132' title='bbox 1318 1213 1469 1265; x_wconf 87' lang='lat' dir='ltr'><strong>quando</strong></span> 
     </span>
     <span class='ocr_line' id='line_1_20' title="bbox 128 1281 1469 1336; baseline 0.003 -16"><span class='ocrx_word' id='word_1_133' title='bbox 128 1281 317 1335; x_wconf 90' lang='lat' dir='ltr'><strong>respirare</strong></span> <span class='ocrx_word' id='word_1_134' title='bbox 357 1281 492 1330; x_wconf 86' lang='lat' dir='ltr'><strong>vellet,</strong></span> <span class='ocrx_word' id='word_1_135' title='bbox 528 1296 606 1323; x_wconf 87' lang='lat' dir='ltr'><strong>non</strong></span> <span class='ocrx_word' id='word_1_136' title='bbox 641 1287 719 1321; x_wconf 85' lang='lat' dir='ltr'><strong>tam</strong></span> <span class='ocrx_word' id='word_1_137' title='bbox 747 1281 795 1321; x_wconf 91' lang='lat' dir='ltr'><strong>ad</strong></span> <span class='ocrx_word' id='word_1_138' title='bbox 824 1295 879 1329; x_wconf 88' lang='lat' dir='ltr'><strong>ea,</strong></span> <span class='ocrx_word' id='word_1_139' title='bbox 907 1294 1006 1334; x_wconf 87' lang='lat' dir='ltr'><strong>quae</strong></span> <span class='ocrx_word' id='word_1_140' title='bbox 1033 1285 1124 1320; x_wconf 73' lang='lat' dir='ltr'><strong>tunc</strong></span> <span class='ocrx_word' id='word_1_141' title='bbox 1164 1281 1255 1320; x_wconf 86' lang='lat' dir='ltr'><strong>foris</strong></span> <span class='ocrx_word' id='word_1_142' title='bbox 1281 1283 1469 1336; x_wconf 87' lang='lat' dir='ltr'><strong>gereban-</strong></span> 
     </span>
     <span class='ocr_line' id='line_1_21' title="bbox 129 1351 1469 1406; baseline 0.003 -17"><span class='ocrx_word' id='word_1_143' title='bbox 129 1356 201 1398; x_wconf 87' lang='lat' dir='ltr'><strong>tur,</strong></span> <span class='ocrx_word' id='word_1_144' title='bbox 227 1364 268 1389; x_wconf 88' lang='lat' dir='ltr'><strong>se</strong></span> <span class='ocrx_word' id='word_1_145' title='bbox 288 1353 533 1399; x_wconf 89' lang='lat' dir='ltr'><strong>convertisse,</strong></span> <span class='ocrx_word' id='word_1_146' title='bbox 562 1366 675 1406; x_wconf 87' lang='lat' dir='ltr'><strong>quam</strong></span> <span class='ocrx_word' id='word_1_147' title='bbox 692 1353 741 1391; x_wconf 92' lang='lat' dir='ltr'><strong>ad</strong></span> <span class='ocrx_word' id='word_1_148' title='bbox 766 1353 974 1406; x_wconf 83' lang='lat' dir='ltr'><strong>sapientiae</strong></span> <span class='ocrx_word' id='word_1_149' title='bbox 1002 1351 1137 1398; x_wconf 89' lang='lat' dir='ltr'><strong>studia,</strong></span> <span class='ocrx_word' id='word_1_150' title='bbox 1163 1352 1202 1389; x_wconf 90' lang='lat' dir='ltr'><strong>in</strong></span> <span class='ocrx_word' id='word_1_151' title='bbox 1221 1353 1359 1404; x_wconf 92' lang='lat' dir='ltr'><strong>quibus</strong></span> <span class='ocrx_word' id='word_1_152' title='bbox 1378 1355 1469 1394; x_wconf 87' lang='lat' dir='ltr'><strong>olim</strong></span> 
     </span>
     <span class='ocr_line' id='line_1_22' title="bbox 128 1422 1470 1480; baseline 0.001 -17"><span class='ocrx_word' id='word_1_153' title='bbox 128 1429 233 1463; x_wconf 90' lang='lat' dir='ltr'><strong>totus</strong></span> <span class='ocrx_word' id='word_1_154' title='bbox 246 1423 501 1463; x_wconf 85' lang='lat' dir='ltr'><strong>habitaverat:</strong></span> <span class='ocrx_word' id='word_1_155' title='bbox 527 1424 759 1479; x_wconf 87' lang='lat' dir='ltr'><strong>intelligitur,</strong></span> <span class='ocrx_word' id='word_1_156' title='bbox 781 1429 819 1463; x_wconf 91' lang='lat' dir='ltr'><strong>et</strong></span> <span class='ocrx_word' id='word_1_157' title='bbox 831 1422 1033 1465; x_wconf 89' lang='lat' dir='ltr'><strong>Horatium</strong></span> <span class='ocrx_word' id='word_1_158' title='bbox 1054 1427 1157 1462; x_wconf 90' lang='lat' dir='ltr'><strong>recte</strong></span> <span class='ocrx_word' id='word_1_159' title='bbox 1177 1423 1324 1472; x_wconf 85' lang='lat' dir='ltr'><strong>fecisse,</strong></span> <span class='ocrx_word' id='word_1_160' title='bbox 1352 1440 1470 1480; x_wconf 92' lang='lat' dir='ltr'><strong>quum</strong></span> 
     </span>
     <span class='ocr_line' id='line_1_23' title="bbox 129 1493 1472 1549; baseline 0.004 -18"><span class='ocrx_word' id='word_1_161' title='bbox 129 1494 253 1532; x_wconf 84' lang='lat' dir='ltr'><strong>amico</strong></span> <span class='ocrx_word' id='word_1_162' title='bbox 282 1493 449 1532; x_wconf 90' lang='lat' dir='ltr'><strong>breviter</strong></span> <span class='ocrx_word' id='word_1_163' title='bbox 476 1494 617 1549; x_wconf 87' lang='lat' dir='ltr'><strong>aliquid</strong></span> <span class='ocrx_word' id='word_1_164' title='bbox 645 1495 692 1534; x_wconf 93' lang='lat' dir='ltr'><strong>de</strong></span> <span class='ocrx_word' id='word_1_165' title='bbox 712 1494 926 1539; x_wconf 81' lang='lat' dir='ltr'><strong>Cantabris,</strong></span> <span class='ocrx_word' id='word_1_166' title='bbox 954 1494 1002 1531; x_wconf 91' lang='lat' dir='ltr'><strong>de</strong></span> <span class='ocrx_word' id='word_1_167' title='bbox 1021 1494 1221 1540; x_wconf 84' lang='lat' dir='ltr'><strong>Armeniis,</strong></span> <span class='ocrx_word' id='word_1_168' title='bbox 1245 1494 1293 1532; x_wconf 90' lang='lat' dir='ltr'><strong>de</strong></span> <span class='ocrx_word' id='word_1_169' title='bbox 1310 1495 1472 1545; x_wconf 88' lang='lat' dir='ltr'><strong>Parthis,</strong></span> 
     </span>
     <span class='ocr_line' id='line_1_24' title="bbox 131 1565 1472 1619; baseline 0.004 -14"><span class='ocrx_word' id='word_1_170' title='bbox 131 1566 180 1605; x_wconf 88' lang='lat' dir='ltr'><strong>de</strong></span> <span class='ocrx_word' id='word_1_171' title='bbox 207 1566 362 1619; x_wconf 85' lang='lat' dir='ltr'><strong>frugum</strong></span> <span class='ocrx_word' id='word_1_172' title='bbox 389 1579 459 1619; x_wconf 88' lang='lat' dir='ltr'><strong>per</strong></span> <span class='ocrx_word' id='word_1_173' title='bbox 485 1565 633 1605; x_wconf 88' lang='lat' dir='ltr'><strong>Italiam</strong></span> <span class='ocrx_word' id='word_1_174' title='bbox 670 1571 863 1619; x_wconf 87' lang='lat' dir='ltr'><strong>proventu</strong></span> <span class='ocrx_word' id='word_1_175' title='bbox 896 1566 1102 1613; x_wconf 83' lang='lat' dir='ltr'><strong>nuntiaret,</strong></span> <span class='ocrx_word' id='word_1_176' title='bbox 1144 1570 1182 1604; x_wconf 86' lang='lat' dir='ltr'><strong>et</strong></span> <span class='ocrx_word' id='word_1_177' title='bbox 1210 1568 1334 1607; x_wconf 84' lang='lat' dir='ltr'><strong>omnia</strong></span> <span class='ocrx_word' id='word_1_178' title='bbox 1375 1568 1472 1611; x_wconf 88' lang='lat' dir='ltr'><strong>haec</strong></span> 
     </span>
     <span class='ocr_line' id='line_1_25' title="bbox 132 1636 1471 1690; baseline 0.003 -16"><span class='ocrx_word' id='word_1_179' title='bbox 132 1649 209 1675; x_wconf 92' lang='lat' dir='ltr'><strong>non</strong></span> <span class='ocrx_word' id='word_1_180' title='bbox 236 1637 336 1674; x_wconf 88' lang='lat' dir='ltr'><strong>inter</strong></span> <span class='ocrx_word' id='word_1_181' title='bbox 364 1650 406 1674; x_wconf 93' lang='lat' dir='ltr'><strong>se</strong></span> <span class='ocrx_word' id='word_1_182' title='bbox 434 1636 558 1675; x_wconf 90' lang='lat' dir='ltr'><strong>solum</strong></span> <span class='ocrx_word' id='word_1_183' title='bbox 592 1638 673 1690; x_wconf 87' lang='lat' dir='ltr'><strong>ipsa</strong></span> <span class='ocrx_word' id='word_1_184' title='bbox 701 1638 912 1675; x_wconf 84' lang='lat' dir='ltr'><strong>rectissime</strong></span> <span class='ocrx_word' id='word_1_185' title='bbox 951 1636 1177 1683; x_wconf 90' lang='lat' dir='ltr'><strong>cohaerere,</strong></span> <span class='ocrx_word' id='word_1_186' title='bbox 1215 1638 1283 1676; x_wconf 91' lang='lat' dir='ltr'><strong>sed</strong></span> <span class='ocrx_word' id='word_1_187' title='bbox 1310 1652 1399 1683; x_wconf 89' lang='lat' dir='ltr'><strong>cum</strong></span> <span class='ocrx_word' id='word_1_188' title='bbox 1426 1641 1471 1681; x_wconf 87' lang='lat' dir='ltr'><strong>iis</strong></span> 
     </span>
     <span class='ocr_line' id='line_1_26' title="bbox 132 1707 1471 1763; baseline 0.004 -16"><span class='ocrx_word' id='word_1_189' title='bbox 132 1709 258 1755; x_wconf 86' lang='lat' dir='ltr'><strong>etiam,</strong></span> <span class='ocrx_word' id='word_1_190' title='bbox 287 1722 387 1762; x_wconf 92' lang='lat' dir='ltr'><strong>quae</strong></span> <span class='ocrx_word' id='word_1_191' title='bbox 414 1722 529 1763; x_wconf 88' lang='lat' dir='ltr'><strong>supra</strong></span> <span class='ocrx_word' id='word_1_192' title='bbox 548 1708 596 1748; x_wconf 92' lang='lat' dir='ltr'><strong>de</strong></span> <span class='ocrx_word' id='word_1_193' title='bbox 614 1707 713 1749; x_wconf 91' lang='lat' dir='ltr'><strong>Iccio</strong></span> <span class='ocrx_word' id='word_1_194' title='bbox 734 1708 909 1756; x_wconf 88' lang='lat' dir='ltr'><strong>diximus,</strong></span> <span class='ocrx_word' id='word_1_195' title='bbox 935 1708 973 1747; x_wconf 90' lang='lat' dir='ltr'><strong>in</strong></span> <span class='ocrx_word' id='word_1_196' title='bbox 993 1707 1127 1747; x_wconf 90' lang='lat' dir='ltr'><strong>orbem</strong></span> <span class='ocrx_word' id='word_1_197' title='bbox 1155 1709 1263 1762; x_wconf 92' lang='lat' dir='ltr'><strong>quasi</strong></span> <span class='ocrx_word' id='word_1_198' title='bbox 1282 1711 1471 1763; x_wconf 89' lang='lat' dir='ltr'><strong>quendam</strong></span> 
     </span>
     <span class='ocr_line' id='line_1_27' title="bbox 131 1779 1473 1833; baseline 0.003 -15"><span class='ocrx_word' id='word_1_199' title='bbox 131 1781 246 1826; x_wconf 91' lang='lat' dir='ltr'><strong>coire,</strong></span> <span class='ocrx_word' id='word_1_200' title='bbox 275 1781 564 1833; x_wconf 87' lang='lat' dir='ltr'><strong>aegerrimeque</strong></span> <span class='ocrx_word' id='word_1_201' title='bbox 589 1780 757 1819; x_wconf 88' lang='lat' dir='ltr'><strong>feremus</strong></span> <span class='ocrx_word' id='word_1_202' title='bbox 790 1793 910 1823; x_wconf 87' lang='lat' dir='ltr'><strong>unum</strong></span> <span class='ocrx_word' id='word_1_203' title='bbox 936 1779 1029 1818; x_wconf 89' lang='lat' dir='ltr'><strong>illud</strong></span> <span class='ocrx_word' id='word_1_204' title='bbox 1057 1780 1168 1832; x_wconf 90' lang='lat' dir='ltr'><strong>primi</strong></span> <span class='ocrx_word' id='word_1_205' title='bbox 1194 1794 1328 1820; x_wconf 84' lang='lat' dir='ltr'><strong>versus</strong></span> <span class='ocrx_word' id='word_1_206' title='bbox 1355 1796 1473 1822; x_wconf 90' lang='lat' dir='ltr'><strong>voca-</strong></span> 
     </span>
     <span class='ocr_line' id='line_1_28' title="bbox 130 1849 1472 1906; baseline 0.003 -16"><span class='ocrx_word' id='word_1_207' title='bbox 130 1849 275 1899; x_wconf 91' lang='lat' dir='ltr'><strong>bulum,</strong></span> <span class='ocrx_word' id='word_1_208' title='bbox 304 1865 380 1905; x_wconf 94' lang='lat' dir='ltr'><strong>quo</strong></span> <span class='ocrx_word' id='word_1_209' title='bbox 410 1850 583 1890; x_wconf 89' lang='lat' dir='ltr'><strong>turbatur</strong></span> <span class='ocrx_word' id='word_1_210' title='bbox 609 1850 705 1890; x_wconf 91' lang='lat' dir='ltr'><strong>haec</strong></span> <span class='ocrx_word' id='word_1_211' title='bbox 733 1850 952 1905; x_wconf 84' lang='lat' dir='ltr'><strong>aequalitas.</strong></span> <span class='ocrx_word' id='word_1_212' title='bbox 1006 1849 1077 1889; x_wconf 85' lang='lat' dir='ltr'><strong>His</strong></span> <span class='ocrx_word' id='word_1_213' title='bbox 1096 1851 1144 1890; x_wconf 92' lang='lat' dir='ltr'><strong>de</strong></span> <span class='ocrx_word' id='word_1_214' title='bbox 1163 1853 1288 1892; x_wconf 88' lang='lat' dir='ltr'><strong>causis</strong></span> <span class='ocrx_word' id='word_1_215' title='bbox 1317 1867 1472 1906; x_wconf 90' lang='lat' dir='ltr'><strong>persua·</strong></span> 
     </span>
     <span class='ocr_line' id='line_1_29' title="bbox 130 1921 1472 1978; baseline 0.002 -16"><span class='ocrx_word' id='word_1_216' title='bbox 130 1936 217 1962; x_wconf 91' lang='lat' dir='ltr'><strong>sum</strong></span> <span class='ocrx_word' id='word_1_217' title='bbox 243 1922 334 1963; x_wconf 90' lang='lat' dir='ltr'><strong>mihi</strong></span> <span class='ocrx_word' id='word_1_218' title='bbox 362 1928 436 1969; x_wconf 85' lang='lat' dir='ltr'><strong>est,</strong></span> <span class='ocrx_word' id='word_1_219' title='bbox 478 1922 735 1976; x_wconf 91' lang='lat' dir='ltr'><strong>corruptelam</strong></span> <span class='ocrx_word' id='word_1_220' title='bbox 770 1922 936 1975; x_wconf 88' lang='lat' dir='ltr'><strong>aliquam</strong></span> <span class='ocrx_word' id='word_1_221' title='bbox 974 1921 1093 1961; x_wconf 85' lang='lat' dir='ltr'><strong>latere</strong></span> <span class='ocrx_word' id='word_1_222' title='bbox 1117 1922 1156 1961; x_wconf 89' lang='lat' dir='ltr'><strong>in</strong></span> <span class='ocrx_word' id='word_1_223' title='bbox 1185 1925 1376 1978; x_wconf 85' lang='lat' dir='ltr'><strong>Agrippae</strong></span> <span class='ocrx_word' id='word_1_224' title='bbox 1403 1940 1472 1965; x_wconf 89' lang='lat' dir='ltr'><strong>no-</strong></span> 
     </span>
     <span class='ocr_line' id='line_1_30' title="bbox 131 1993 1471 2050; baseline 0.001 -15"><span class='ocrx_word' id='word_1_225' title='bbox 131 1995 245 2043; x_wconf 88' lang='lat' dir='ltr'><strong>mine,</strong></span> <span class='ocrx_word' id='word_1_226' title='bbox 274 1994 377 2048; x_wconf 93' lang='lat' dir='ltr'><strong>quod</strong></span> <span class='ocrx_word' id='word_1_227' title='bbox 405 1993 516 2032; x_wconf 83' lang='lat' dir='ltr'><strong>facile</strong></span> <span class='ocrx_word' id='word_1_228' title='bbox 538 2007 560 2032; x_wconf 89' lang='lat' dir='ltr'><strong>e</strong></span> <span class='ocrx_word' id='word_1_229' title='bbox 578 2007 613 2032; x_wconf 93' lang='lat' dir='ltr'><strong>v.</strong></span> <span class='ocrx_word' id='word_1_230' title='bbox 632 1994 684 2031; x_wconf 85' lang='lat'><strong>26</strong></span> <span class='ocrx_word' id='word_1_231' title='bbox 703 1994 742 2032; x_wconf 91' lang='lat' dir='ltr'><strong>in</strong></span> <span class='ocrx_word' id='word_1_232' title='bbox 769 1994 935 2046; x_wconf 90' lang='lat' dir='ltr'><strong>primum</strong></span> <span class='ocrx_word' id='word_1_233' title='bbox 961 1993 1089 2038; x_wconf 87' lang='lat' dir='ltr'><strong>inferri</strong></span> <span class='ocrx_word' id='word_1_234' title='bbox 1107 1994 1247 2046; x_wconf 89' lang='lat' dir='ltr'><strong>potuit:</strong></span> <span class='ocrx_word' id='word_1_235' title='bbox 1275 2009 1471 2050; x_wconf 90' lang='lat' dir='ltr'><strong>quumque</strong></span> 
     </span>
     <span class='ocr_line' id='line_1_31' title="bbox 129 2063 1473 2119; baseline 0.001 -14"><span class='ocrx_word' id='word_1_236' title='bbox 129 2064 222 2106; x_wconf 89' lang='lat' dir='ltr'><strong>nihil</strong></span> <span class='ocrx_word' id='word_1_237' title='bbox 249 2079 318 2119; x_wconf 92' lang='lat' dir='ltr'><strong>per</strong></span> <span class='ocrx_word' id='word_1_238' title='bbox 345 2078 387 2103; x_wconf 92' lang='lat' dir='ltr'><strong>se</strong></span> <span class='ocrx_word' id='word_1_239' title='bbox 415 2065 541 2118; x_wconf 58' lang='lat' dir='ltr'><strong>ipsum</strong></span> <span class='ocrx_word' id='word_1_240' title='bbox 569 2063 802 2117; x_wconf 85' lang='lat' dir='ltr'><strong>probabilius</strong></span> <span class='ocrx_word' id='word_1_241' title='bbox 841 2064 1027 2111; x_wconf 87' lang='lat' dir='ltr'><strong>videatur,</strong></span> <span class='ocrx_word' id='word_1_242' title='bbox 1071 2078 1185 2118; x_wconf 92' lang='lat' dir='ltr'><strong>quam</strong></span> <span class='ocrx_word' id='word_1_243' title='bbox 1226 2067 1378 2106; x_wconf 89' lang='lat' dir='ltr'><strong>obscuri</strong></span> <span class='ocrx_word' id='word_1_244' title='bbox 1407 2067 1473 2107; x_wconf 88' lang='lat' dir='ltr'><strong>ali-</strong></span> 
     </span>
    </p>
   </div>
   <div class='ocr_carea' id='block_1_4' title="bbox 130 2135 1550 2191">
    <p class='ocr_par' dir='ltr' id='par_1_4' title="bbox 130 2135 1550 2191">
     <span class='ocr_line' id='line_1_32' title="bbox 130 2135 1550 2191; baseline 0.004 -14"><span class='ocrx_word' id='word_1_245' title='bbox 130 2137 239 2178; x_wconf 87' lang='lat' dir='ltr'><strong>cuius</strong></span> <span class='ocrx_word' id='word_1_246' title='bbox 273 2135 443 2191; x_wconf 90' lang='lat' dir='ltr'><strong>oppiduli</strong></span> <span class='ocrx_word' id='word_1_247' title='bbox 477 2150 617 2176; x_wconf 90' lang='lat' dir='ltr'><strong>nomen</strong></span> <span class='ocrx_word' id='word_1_248' title='bbox 642 2135 694 2176; x_wconf 93' lang='lat' dir='ltr'><strong>ibi</strong></span> <span class='ocrx_word' id='word_1_249' title='bbox 722 2135 872 2177; x_wconf 85' lang='lat' dir='ltr'><strong>clariori</strong></span> <span class='ocrx_word' id='word_1_250' title='bbox 908 2137 1051 2177; x_wconf 90' lang='lat' dir='ltr'><strong>nomini</strong></span> <span class='ocrx_word' id='word_1_251' title='bbox 1092 2138 1270 2187; x_wconf 87' lang='lat' dir='ltr'><strong>cessisse,</strong></span> <span class='ocrx_word' id='word_1_252' title='bbox 1310 2141 1472 2181; x_wconf 90' lang='lat' dir='ltr'><strong>coniicio</strong></span> <span class='ocrx_word' id='word_1_253' title='bbox 1545 2138 1550 2141; x_wconf 67' lang='grc'><em>”</em></span> 
     </span>
    </p>
   </div>
   <div class='ocr_carea' id='block_1_5' title="bbox 129 2207 1474 2551">
    <p class='ocr_par' dir='ltr' id='par_1_5' title="bbox 129 2207 1474 2551">
     <span class='ocr_line' id='line_1_33' title="bbox 129 2207 1388 2262; baseline 0.003 -14"><span class='ocrx_word' id='word_1_254' title='bbox 129 2207 333 2248; x_wconf 88' lang='lat' dir='ltr'><strong>Horatium</strong></span> <span class='ocrx_word' id='word_1_255' title='bbox 361 2221 437 2247; x_wconf 92' lang='lat' dir='ltr'><strong>non</strong></span> <span class='ocrx_word' id='word_1_256' title='bbox 465 2209 682 2262; x_wconf 79' lang='lat' dir='ltr'><strong>scripsisse:</strong></span> <span class='ocrx_word' id='word_1_257' title='bbox 712 2207 913 2247; x_wconf 87' lang='lat' dir='ltr'><strong>Fructibus</strong></span> <span class='ocrx_word' id='word_1_258' title='bbox 941 2207 1198 2249; x_wconf 87' lang='lat' dir='ltr'><strong>AGRlPPAE</strong></span> <span class='ocrx_word' id='word_1_259' title='bbox 1227 2232 1274 2239; x_wconf 91' lang='lat'><strong>——</strong></span> <span class='ocrx_word' id='word_1_260' title='bbox 1302 2212 1388 2252; x_wconf 87' lang='lat' dir='ltr'><strong>sed:</strong></span> 
     </span>
     <span class='ocr_line' id='line_1_34' title="bbox 236 2278 1332 2335; baseline 0.004 -16"><span class='ocrx_word' id='word_1_261' title='bbox 236 2279 438 2319; x_wconf 90' lang='lat' dir='ltr'><strong>Fructibus</strong></span> <span class='ocrx_word' id='word_1_262' title='bbox 464 2278 725 2319; x_wconf 85' lang='lat' dir='ltr'><strong>ACRILLAE</strong></span> <span class='ocrx_word' id='word_1_263' title='bbox 751 2278 908 2328; x_wconf 90' lang='lat' dir='ltr'><strong>Siculis,</strong></span> <span class='ocrx_word' id='word_1_264' title='bbox 938 2294 1034 2334; x_wconf 92' lang='lat' dir='ltr'><strong>quos</strong></span> <span class='ocrx_word' id='word_1_265' title='bbox 1061 2281 1219 2335; x_wconf 88' lang='lat' dir='ltr'><strong>colligis,</strong></span> <span class='ocrx_word' id='word_1_266' title='bbox 1246 2281 1332 2324; x_wconf 89' lang='lat' dir='ltr'><strong>Icci.</strong></span> 
     </span>
     <span class='ocr_line' id='line_1_35' title="bbox 132 2349 1473 2406; baseline 0.002 -15"><span class='ocrx_word' id='word_1_267' title='bbox 132 2350 327 2406; x_wconf 88' lang='lat' dir='ltr'><strong>Oppidum</strong></span> <span class='ocrx_word' id='word_1_268' title='bbox 366 2350 486 2398; x_wconf 89' lang='lat' dir='ltr'><strong>istud,</strong></span> <span class='ocrx_word' id='word_1_269' title='bbox 526 2363 603 2389; x_wconf 90' lang='lat' dir='ltr'><strong>non</strong></span> <span class='ocrx_word' id='word_1_270' title='bbox 643 2350 696 2388; x_wconf 89' lang='lat' dir='ltr'><strong>ita</strong></span> <span class='ocrx_word' id='word_1_271' title='bbox 736 2349 853 2405; x_wconf 89' lang='lat' dir='ltr'><strong>longe</strong></span> <span class='ocrx_word' id='word_1_272' title='bbox 886 2365 908 2391; x_wconf 88' lang='lat' dir='ltr'><strong>a</strong></span> <span class='ocrx_word' id='word_1_273' title='bbox 942 2353 1141 2404; x_wconf 87' lang='lat' dir='ltr'><strong>Syracusis</strong></span> <span class='ocrx_word' id='word_1_274' title='bbox 1181 2354 1308 2401; x_wconf 87' lang='lat' dir='ltr'><strong>situm,</strong></span> <span class='ocrx_word' id='word_1_275' title='bbox 1343 2353 1473 2395; x_wconf 91' lang='lat' dir='ltr'><strong>Livius</strong></span> 
     </span>
     <span class='ocr_line' id='line_1_36' title="bbox 133 2419 1474 2480; baseline 0.002 -17"><span class='ocrx_word' id='word_1_276' title='bbox 133 2421 340 2464; x_wconf 85' lang='lat' dir='ltr'><strong>Acrillas</strong></span> <span class='ocrx_word' id='word_1_277' title='bbox 369 2421 536 2477; x_wconf 90' lang='lat' dir='ltr'><strong>appellat</strong></span> <span class='ocrx_word' id='word_1_278' title='bbox 564 2419 723 2472; x_wconf 89' lang='lat' dir='ltr'>(XXIV.</span> <span class='ocrx_word' id='word_1_279' title='bbox 744 2421 821 2470; x_wconf 88' lang='lat'><strong>35),</strong></span> <span class='ocrx_word' id='word_1_280' title='bbox 861 2429 900 2462; x_wconf 87' lang='lat' dir='ltr'><strong>at</strong></span> <span class='ocrx_word' id='word_1_281' title='bbox 929 2423 1031 2462; x_wconf 90' lang='lat' dir='ltr'><strong>idem</strong></span> <span class='ocrx_word' id='word_1_282' title='bbox 1065 2428 1170 2463; x_wconf 88' lang='lat' dir='ltr'><strong>recte</strong></span> <span class='ocrx_word' id='word_1_283' title='bbox 1199 2426 1322 2472; x_wconf 75' lang='lat' dir='ltr'><strong>etiam</strong></span> <span class='ocrx_word' id='word_1_284' title='bbox 1345 2426 1474 2480; x_wconf 86' lang='lat' dir='ltr'><strong>singu—</strong></span> 
     </span>
     <span class='ocr_line' id='line_1_37' title="bbox 132 2492 1473 2551; baseline 0.002 -17"><span class='ocrx_word' id='word_1_285' title='bbox 132 2492 263 2535; x_wconf 88' lang='lat' dir='ltr'><strong>lariter</strong></span> <span class='ocrx_word' id='word_1_286' title='bbox 284 2493 511 2536; x_wconf 87' lang='lat' dir='ltr'><strong>Acrillam</strong></span> <span class='ocrx_word' id='word_1_287' title='bbox 541 2493 631 2543; x_wconf 87' lang='lat' dir='ltr'><strong>dici,</strong></span> <span class='ocrx_word' id='word_1_288' title='bbox 654 2493 876 2549; x_wconf 87' lang='lat' dir='ltr'><strong>Stephanus</strong></span> <span class='ocrx_word' id='word_1_289' title='bbox 898 2494 991 2547; x_wconf 85' lang='lat' dir='ltr'><strong>Byz.</strong></span> <span class='ocrx_word' id='word_1_290' title='bbox 1014 2494 1139 2544; x_wconf 89' lang='lat' dir='ltr'><strong>docet,</strong></span> <span class='ocrx_word' id='word_1_291' title='bbox 1154 2497 1221 2551; x_wconf 91' lang='lat' dir='ltr'><strong>qui</strong></span> <span class='ocrx_word' id='word_1_292' title='bbox 1239 2511 1276 2551; x_wconf 84' lang='lat' dir='ltr'><strong>p.</strong></span> <span class='ocrx_word' id='word_1_293' title='bbox 1294 2497 1344 2535; x_wconf 85' lang='lat'><strong>63</strong></span> <span class='ocrx_word' id='word_1_294' title='bbox 1358 2497 1473 2542; x_wconf 74' lang='lat' dir='ltr'><strong>Mein,</strong></span> 
     </span>
    </p>
   </div>
  </div>
 </body>
</html>
