1669 2839
108 206 200 249 illud
225 204 483 257 ingustata.v
516 193 594 250 Qui
617 197 718 240 enim
736 194 839 248 dicit,
860 192 1157 241 'muita'co'e'nae
1179 193 1342 242 ‘alicuius
1369 195 1453 243 fer-⁷

109 278 192 320 cula
239 289 375 315 sucum
409 273 556 314 celasse
589 278 697 313 noto
725 266 971 321 dissimilem,
1022 267 1139 328 idque
1176 273 1344 314 maxime
1377 288 1444 327 pa-

109 349 226 387 tuisse
259 347 297 385 in
332 359 407 385 uno
434 344 564 396 aliquo
592 336 755 383 ferculo:
792 346 824 383 is
858 347 1030 398 profecto
1069 359 1146 385 non
1176 343 1292 384 debet
1319 339 1447 383 cibum

108 430 412 459 commemorare
435 429 631 470 nunquam
652 430 673 456 a
697 429 738 456 se
761 421 968 471 gustatum,
998 418 1105 457 cuius
1135 431 1272 457 sucum
1290 415 1445 456 omnino

108 496 185 530 non
221 491 337 530 novit.
405 487 502 526 Eam
540 487 800 527 difficultatem
842 490 905 542 qui
945 491 997 527 ita
1031 490 1211 542 expedire
1245 483 1443 535 conantur,

108 567 150 600 ut
175 559 416 600 Fundanium
443 563 602 598 notum
631 573 791 599 sucum
819 573 886 598 eos
912 560 1019 599 cibos
1045 556 1201 598 dixisse
1214 561 1442 606 existiment,

108 631 245 684 quibus
291 630 373 682 ipse
417 630 585 682 quotidie
627 631 731 669 domi
774 630 1021 676 vescebatur,
1072 629 1182 668 facile
1225 631 1447 684 intelligitur

109 715 224 756 quam
258 700 373 755 longe
401 715 422 739 a
450 714 556 740 vero
577 700 846 741 aberraverint.
902 701 1001 748 Tum
1036 702 1168 755 utique
1202 694 1446 742 scribendum

108 778 189 812 erat
215 771 453 826 ‘dissimilem
480 773 633 820 notis',
661 773 906 819 nisiridicule
929 779 1097 813 statuere
1117 774 1222 820 velis,
1241 773 1349 812 ἱῙΙιιιιι
1368 786 1446 812 uno

108 850 146 883 et
173 843 310 882 eodem
338 843 423 883 cibo
453 845 621 898 quotidie
648 844 883 883 delectatum
912 858 1014 892 esse3
1039 845 1098 883 'ac
1132 859 1180 884 ne
1208 846 1263 884 sic
1291 845 1445 898 quidem

109 916 311 969 quicquam
340 913 568 968 proficimuS,
599 930 718 969 quum
745 929 821 955 non
851 917 897 955 de
926 930 967 954 se
994 929 1070 954 uno
1091 916 1192 955 dicat
1213 911 1445 962 Fundanius,

108 985 174 1024 sed
207 986 255 1024 de
283 986 459 1024 omnibus
486 985 680 1025 Nasidieni
709 988 900 1034 convivis,
936 987 1035 1026 inter
1063 1001 1159 1040 quos
1186 992 1340 1041 praeter
1368 986 1446 1025 Va-

106 1059 204 1097 rium
239 1053 607 1096 ServiliusBalatro
637 1063 674 1096 et
700 1056 874 1097 Vibidius
909 1064 1032 1106 erant,
1068 1058 1301 1098 Maecenatis
1335 1060 1447 1098 amici

108 1130 366 1183 omniumque,
395 1130 539 1182 opinor,
569 1142 761 1176 sucorum,
792 1132 854 1184 qui
881 1131 1035 1184 quidem
1065 1130 1154 1168 boni
1180 1136 1319 1177 essent,
1348 1130 1446 1169 bene

108 1201 224 1253 gnari.
269 1200 396 1240 Unum
419 1199 493 1239 hoc
521 1206 790 1254 argumentum
808 1203 860 1241 ita
880 1202 970 1241 mihi
989 1203 1140 1242 videtur
1157 1201 1326 1240 validum
1347 1215 1443 1247 esse,

106 1277 149 1310 ut
175 1272 348 1325 pluribus
376 1286 451 1311 non
479 1273 526 1310 sit
554 1286 661 1325 opus.
704 1272 851 1311 Medela
880 1279 1009 1312 autem
1038 1287 1111 1326 qua
1139 1274 1199 1311 via
1227 1274 1444 1326 quaerenda

108 1344 171 1389 sit,
201 1344 364 1382 ostendit
389 1343 496 1390 illud,
526 1345 628 1396 quod
655 1359 691 1382 v.
714 1344 765 1381 28
793 1343 994 1382 celantia
1024 1345 1150 1396 posuit
1165 1343 1356 1383 Horatius.
1405 1343 1446 1382 ld

107 1414 339 1454 vocabulum
366 1416 609 1462 recentior-es,
633 1415 824 1454 Acronem
853 1415 984 1462 secuti,
1010 1416 1059 1454 ita
1088 1416 1166 1454 sere
1193 1416 1446 1469 interpretan—

108 1492 185 1534 tur,
224 1493 267 1526 ut
299 1488 402 1527 idem
435 1488 482 1526 sit
517 1492 632 1540 atque
667 1487 780 1539 4intra
815 1501 855 1526 se
885 1487 1148 1527 continentia’:
1188 1486 1319 1526 dubito
1354 1500 1446 1526 num

107 1562 225 1596 recte.
277 1559 356 1598 Sed
385 1572 460 1612 quo
489 1558 636 1611 plenius
666 1559 747 1596 eius
774 1559 832 1597 vis
858 1558 1106 1612 intelligatur,
1141 1559 1212 1611 ipsi
1240 1557 1445 1597 culinariae

109 1631 198 1669 artis
227 1630 383 1670 annales
410 1628 611 1668 evolvendi
637 1635 735 1668 sunt.
791 1628 883 1669 Erat
916 1630 991 1669 hoc
1019 1630 1181 1683 antiquis
1209 1629 1444 1682 temporibus

109 1700 221 1755 gulae
249 1703 457 1755 proprium,
485 1706 527 1739 ut
555 1702 697 1753 ‘omnia
723 1706 814 1740 nota
841 1701 1041 1740 fastidiret'
1071 1700 1236 1750 (Seneca
1264 1714 1369 1740 cons.
1398 1697 1446 1739 ad

108 1772 286 1812 Helviam
314 1787 345 1812 c.
367 1774 418 1824 9).
460 1773 559 1812 Huic
587 1775 750 1813 satietati
778 1780 819 1813 ut
848 1778 1105 1819 occurrerent,
1135 1773 1230 1812 duas
1258 1774 1337 1812 fere
1365 1774 1446 1812 vias'

108 1844 430 1897 ingrediebantur,
460 1858 620 1897 quarum
648 1844 765 1883 altera
794 1846 956 1884 maiores
987 1846 1146 1890 divitias,
1175 1844 1295 1882 altera
1323 1849 1444 1882 artem

109 1916 293 1955 maiorem
311 1915 538 1968 requirebat.
582 1916 657 1965 Qui
684 1915 820 1955 divitiis
846 1915 1096 1961 abundabant,
1126 1928 1211 1952 earn
1230 1913 1445 1968 sequeban-

109 1992 169 2025 tur
195 1989 398 2033 rationem,
433 2000 532 2039 quae
567 1986 731 2039 eleganti
764 1988 957 2038 poematio
993 1984 1217 2025 describitur
1243 1986 1345 2038 apud
1372 1984 1446 2023 Pe-

110 2057 274 2095 tronium
303 2057 352 2105 (c.
372 2057 454 2105 93):

328 2137 330 2139 ·
352 2125 430 2165 ales
458 2125 652 2166 Phasiacis
679 2128 796 2180 petita
825 2126 982 2166 Colchis

354 2204 467 2252 atque
496 2200 611 2238 Afrae
638 2199 815 2238 volucres
843 2198 996 2252 placent
1023 2198 1161 2252 palato,

354 2269 457 2322 quod
483 2283 560 2308 non
588 2275 676 2308 sunt
703 2270 849 2309 faciles:
879 2276 918 2308 at
945 2269 1054 2308 albus
1082 2283 1194 2307 anser

354 2345 392 2379 et
419 2341 529 2393 pictis
557 2354 648 2379 anas
676 2341 829 2380 en'otata
858 2343 992 2394 pennis

356 2411 548 2465 plebeium
576 2412 683 2464 sapit.
725 2411 867 2450 ultimis
896 2412 943 2450 ab
973 2412 1047 2450 oris

354 2489 535 2523 attractus
562 2497 704 2531 scarus,
733 2489 849 2536 atque
877 2488 977 2522 arata
1007 2482 1130 2534 Syrtis

1157 2555 1205 2592 5*
