1669 2839
676 98 848 146 *89

146 216 224 256 hoe
252 213 409 268 quidem
435 213 602 268 pertinet
630 214 677 253 ad
706 212 781 261 ea,
800 227 898 267 quae
926 222 1041 267 supra
1071 209 1119 251 de
1147 208 1492 266 comparativo’di—

145 286 283 326 azimus.
325 284 367 325 In
384 290 498 325 sexto
516 284 614 324 libro
637 286 786 324 Aeneas
807 285 1021 324 Cumanam
1041 281 1230 336 Sibyllam
1249 284 1301 322 ita
1320 283 1491 338 adloqui-

146 364 212 398 tur
228 358 371 398 v.105:
400 358 545 411 ‘omnia
574 358 752 411 praecepi
779 363 895 412 atque
914 357 1039 396 animo
1066 367 1220 395 mecum
1240 360 1330 394 ante
1350 357 1493 411 peregi,

148 438 268 470 unum
302 430 407 469 oro':
453 439 531 469 non
567 428 679 468 video
715 440 784 469 cur
817 429 1002 469 reclamet
1034 428 1212 475 Servius,
1248 427 1353 482 quod
1391 429 1494 467 enim

151 508 236 543 orat
263 504 433 549 Aeneas,
467 500 505 539 id
539 505 624 539 orat
657 500 826 560 sollum,
862 513 989 555 neque
1017 499 1109 539 alins
1137 512 1274 554 preces
1300 499 1400 539 ullae
1427 496 1494 540 ad—

147 576 254 617 didit*
309 572 446 614 Paullo
473 566 832 627 speciosiora'haee
860 578 969 621 sunt,
1005 586 1027 611 e
1054 572 1186 627 quinto
1214 570 1310 611 libro
1338 574 1492 626 sumptu

149 653 201 696 (v.
217 647 295 686 704
313 649 404 701 sq.):
647 642 649 644 ’

358 722 442 757 tum
467 717 599 757 senior
625 715 786 766 Nautes,
814 728 933 757 unum
960 715 1132 757 Tritonia
1160 713 1287 755 Pallas

360 802 476 845 quem
504 790 636 831 docuit
660 811 729 830 —-.
1111 791 1114 793 ’

152 858 203 905 At
220 874 313 904 num
334 863 513 904 novimus
534 867 613 901 tam
632 861 786 909 multos,
802 843 866 916 ‹⁶1ui
882 874 903 899 a
920 860 1089 901 Minerva
1109 861 1351 909 vaticinandi,
1373 865 1496 900 artem

150 934 377 976 didicerint?
429 934 568 983 Unum,
596 935 667 973 nisi
694 933 816 980 fallor,
844 932 1029 980 Tiresian,
1057 933 1105 973 de
1133 941 1210 987 quo
1234 933 1340 972 idem
1367 938 1497 973 narrat

150 1005 413 1047 Callimachus
440 1009 478 1046 in
504 1006 659 1046 lavacro
688 1004 854 1044 Palladis
880 1018 917 1043 v.
943 1005 1035 1055 121,
1073 1017 1191 1059 quum
1227 1004 1289 1045 alii
1324 1016 1414 1045 eum
1449 1005 1496 1046 ab

150 1079 234 1134 ipso
264 1079 353 1120 love
382 1093 427 1119 ea
455 1083 536 1118 afte
564 1079 748 1118 donatum
769 1079 887 1118 fuisse
909 1077 1062 1117 tradant
1081 1075 1210 1127 (Ovid.
1229 1073 1319 1118 Met.
1335 1077 1391 1119 111.
1406 1079 1495 1120 338.

152 1151 285 1194 sehon.
306 1151 446 1205 odyss.
468 1167 491 1191 κ
514 1152 591 1191 494
618 1151 642 1191 λ
659 1151 737 1201 90).
794 1148 1076 1189 Callimachum
1105 1155 1234 1189 autem
1257 1162 1376 1204 quum
1404 1163 1496 1191 con—

153 1229 227 1264 stet
251 1224 442 1264 rarissima
469 1237 646 1278 quaeque
681 1229 720 1263 et
745 1221 901 1262 minime
927 1221 1099 1275 vulgaria
1128 1223 1280 1262 curiose
1307 1229 1495 1277 captasse,

152 1295 325 1336 dubitare
352 1295 498 1344 licebit,
533 1307 625 1336 num
658 1295 759 1335 illius
786 1294 938 1334 fabulae
967 1306 1116 1333 memor
1143 1294 1257 1333 suerit
1284 1293 1495 1350 Vergilius:

148 1368 234 1421 ipse
265 1371 372 1406 certe
405 1366 519 1406 aliam
552 1379 598 1406 ac
633 1378 743 1406 suam
776 1367 966 1405 rationem
1002 1370 1159 1404 secutus
1196 1371 1273 1413 eet,
1313 1365 1498 1407 Varronis

150 1438 249 1479 libro
276 1439 325 1479 de
352 1439 503 1480 familiis
530 1438 709 1480 Troianis
745 1450 830 1478 eam
857 1438 896 1477 in
923 1450 1006 1477 rem
1032 1436 1213 1478 adhibito.
1267 1436 1498 1479 Nautiorum

152 1512 254 1552 enim
287 1511 429 1552 familia
463 1512 552 1553 ideo
585 1511 782 1552 Minervae
815 1523 923 1551 sacra
958 1508 1165 1559 retinebat,
1200 1511 1305 1565 quod
1337 1510 1497 1560 Naum,

152 1584 218 1638 qui
251 1590 387 1624 auctor
422 1586 546 1640 gentis
582 1583 829 1630 credebatur,
863 1582 1078 1622 Palladium
1104 1581 1270 1622 Romam
1297 1582 1497 1624 detulerat.

152 1653 270 1701 Hinc,
304 1655 374 1694 nisi
412 1655 540 1703 fallor,
567 1653 779 1709 Vergilius,
813 1658 879 1692 aut
912 1654 1094 1708 poetandi
1124 1653 1278 1693 licentia
1311 1666 1404 1693 usus
1431 1659 1499 1693 aut

151 1727 409 1767 narrationem
436 1726 483 1766 ab
510 1727 603 1781 ipsis
620 1724 771 1766 Nautiis
790 1731 990 1780 acceptam
1015 1731 1184 1774 secutus,
1211 1725 1367 1767 Nauten
1391 1725 1499 1766 finxit

152 1797 201 1838 ab
228 1799 312 1853 ipsa
338 1798 512 1839 Minerva
540 1799 710 1847 doctum,
737 1812 814 1838 non
841 1796 879 1837 in
906 1811 1045 1852 magna
1073 1797 1347 1852 discipulorum
1375 1798 1497 1847 turba,

151 1871 221 1911 sed
247 1882 368 1910 unum
394 1876 511 1925 atque
532 1870 668 1919 solum,
696 1883 773 1925 quo
792 1867 847 1910 rei
865 1869 1048 1924 splendor
1065 1882 1302 1924 magnopere
1321 1875 1496 1925 augetur.

152 1941 373 1982 Concidunt
404 1943 520 1997 igitur
552 1943 624 1982 ista
658 1942 964 1982 adversariorum
993 1946 1219 1995 argumenta
1248 1942 1394 1982 omnia:
1429 1957 1497 1983 no·

151 2028 226 2069 que
245 2019 374 2053 tamen
394 2013 574 2060 reticebo,
603 2025 721 2052 unum
742 2026 827 2053 esse
845 2012 976 2053 locum
995 2025 1165 2068 eumque
1182 1999 1498 2063 Ciceroniannm,

151 2085 214 2140 qui
242 2081 322 2139 pro'
335 2083 409 2124 illis
426 2084 555 2124 facere
574 2084 760 2125 videatur.
801 2084 841 2125 ln
862 2086 1035 2125 oratione
1054 2100 1125 2141 pro
1147 2085 1287 2127 Roscio
1308 2088 1497 2128 comoedo

151 2157 202 2209 (5.
233 2157 307 2207 15.)
337 2169 455 2210 quum
483 2156 556 2196 alia
584 2157 802 2211 complura,
829 2164 989 2213 propter
1017 2171 1117 2214 quae
1143 2161 1360 2213 exspectari
1387 2165 1498 2214 pote—

151 2236 221 2279 rat,
246 2229 353 2269 litem
372 2229 585 2269 secundum
605 2228 791 2270 Roscium
816 2230 949 2271 datum
976 2232 1030 2280 iri,
1059 2236 1141 2271 tum
1168 2231 1371 2272 honoraria
1398 2231 1499 2272 mul-

152 2307 280 2343 torum
302 2302 454 2342 arbitria
478 2308 839 2343 commemorantur.
882 2302 935 2343 lbi
960 2317 1059 2358 quae
1085 2317 1188 2344 nunc
1213 2303 1414 2359 leguntur:
1442 2312 1499 2356 ⁸et

149 2374 268 2414 iudex
295 2379 354 2414 est
379 2375 424 2422 is,
451 2387 567 2430 quem
594 2386 666 2414 nos
693 2387 770 2414 non
800 2376 925 2415 minus
951 2375 1049 2415 bene
1068 2375 1116 2415 de
1135 2375 1246 2416 nobis
1266 2378 1496 2424 existimare,

150 2460 266 2502 quam
293 2448 508 2489 secundum
534 2460 605 2488 nos
631 2447 799 2489 iudicare
827 2448 1009 2500 velimus;
1044 2454 1084 2489 et
1116 2449 1321 2491 advocatio
1355 2464 1400 2490 ea
1427 2455 1496 2498 ent,

152 2531 268 2579 quam
294 2522 452 2580 propter
480 2521 662 2561 eximium
689 2519 933 2581 splendorem
961 2527 1005 2561 ut
1030 2522 1235 2568 iudicem
1263 2535 1400 2567 unum
1427 2529 1511 2565 ves·
