1669 2839
798 56 863 103 86

153 166 333 213 dicatur,
369 166 434 220 qui
468 165 679 205 sceleratus
712 178 789 205 non
811 167 898 207 -fuit,
951 164 1103 216 Deinde
1142 166 1269 207 nullus
1296 166 1459 207 adhue
1437 169 1506 206 m·-

146 242 302 291 ‚terpres
329 238 412 293 ipsa
446 236 561 277 verba
590 235 766 290 sceleris
801 230 1007 279 tumultus'
1036 237 1303 293 probabiliter
1357 238 1504 294 plicuit,

152 310 398 362 quantumvis
439 309 514 347 iam
555 308 644 348 inde
671 308 719 347 ab
755 310 919 362 antiquis
958 310 1195 363 temporibus
1236 252 1505 362 seam

152 379 432 419 Tumultum
460 380 561 419 enim
589 385 696 420 recte
721 381 1019 434 interpretantur
1060 394 1205 428 omneS,
1246 391 1366 435 quum
1395 388 1506 435 *pon*

152 449 478 490 turbationem
507 451 624 490 fuisse
665 452 815 491 dicunt:
853 454 969 507 idque
1009 452 1120 493 facile
1160 452 1334 507 perspici
1352 449 1509 506 potor&

152 535 269 575 quum
288 536 338 561 ex
358 521 434 563 hoc
461 524 545 578 ipso
564 521 665 571 loco,
684 529 765 565 tum
783 539 803 565 e
819 538 935 566 carm.
949 523 991 565 ll.
1016 527 1073 565 16.
1093 526 1117 564 9
1146 538 1240 574 non
1262 523 1363 564 enim
1383 536 1503 578 gozae

150 607 277 646 neque
306 594 519 642 consularis
546 594 752 635 submovet
776 596 889 637 lictor
916 598 1077 637 miseros
1095 595 1284 635 tumultus
1308 596 1447 635 mentis
1467 599 1506 634 et

151 677 264 703 curas
285 664 463 718 laqueata
492 666 637 706 circum
666 671 767 706 tecta
793 666 1009 707 volantes':
1037 666 1244 707 sceleris
1263 667 1365 721 ‚quid
1391 658 1504 714 esset,

153 749 268 776 nemo
298 737 485 791 expedire
513 739 649 791 potuit.
690 736 792 778 Nam
820 739 925 793 quod
954 737 1121 778 Orellius
1148 737 1300 777 disserit
1325 737 1373 777 de
1400 741 1507 777 men-

152 808 199 846 tis
231 807 536 856 conturbatione,
566 823 665 862 quae
693 809 872 850 facillime
900 809 962 849 vel
989 810 1038 849 ad
1065 808 1211 848 scelera
1232 808 1505 848 committenda

151 892 223 919 nos
242 879 415 934 abripiat,
442 880 491 928 id,
523 885 628 935 puto,
652 881 912 936 philosophari
938 886 1007 929 est,
1035 894 1111 920 non
1131 878 1392 934 interpretari:
1420 879 1504 932 quis

152 952 254 990 enim
282 965 360 991 non
387 952 512 999 videt,
540 952 655 992 nullis
681 953 866 993 machinis
895 952 1012 992 talem
1039 952 1206 1006 aliquam
1235 952 1463 991 sententiam
1480 965 1503 990 e

152 1022 304 1063 duobus
332 1022 405 1062 illis
430 1023 629 1064 vocabulis
659 1025 877 1079 extorqueri
904 1022 1047 1079 posse?
1074 1037 1120 1063 ac
1138 1037 1187 1063 ne
1206 1021 1325 1062 valuit
1351 1022 1505 1077 quidem

150 1100 299 1134 tantum
319 1097 357 1134 in
376 1097 491 1135 Aiace
514 1097 652 1134 mentis
670 1096 918 1149 perturbatio,
940 1101 983 1135 ut
996 1095 1232 1146 ‘sceleratum
1255 1108 1345 1135 eum
1366 1094 1503 1134 redde-

151 1171 222 1206 ret.
264 1165 357 1206 Mihi
375 1166 423 1206 ab
443 1167 535 1220 ipsis
550 1167 692 1207 Stoicis
712 1166 955 1221 corruptelae
975 1168 1078 1215 satis,
1098 1167 1168 1206 nisi
1197 1165 1319 1214 fallor,
1346 1171 1503 1221 apertae

152 1237 305 1277 medela
333 1239 486 1277 videtur
513 1240 723 1293 repetenda
751 1252 848 1278 esse.
894 1238 951 1278 Illi
980 1240 1082 1278 enim
1109 1239 1224 1278 animi
1251 1237 1507 1291 perturbatio-

152 1322 222 1349 nes
252 1323 386 1349 omnes
414 1310 462 1349 ad
492 1316 660 1350 mentem
678 1317 717 1350 et
736 1311 1009 1364 cogitationem
1035 1310 1269 1350 referebant:
1298 1323 1343 1349 ea
1369 1310 1401 1348 si
1430 1315 1508 1349 tun-

152 1379 240 1419 bata
269 1386 382 1429 esset,
411 1382 580 1420 animum
609 1382 723 1421 etiam
749 1381 914 1421 hominis
942 1386 1142 1435 aegrotare
1162 1380 1363 1420 docebant.
1408 1378 1505 1433 Ipsa,

152 1458 194 1491 ut
222 1453 391 1500 videtur,
432 1454 704 1507 magistrorum
743 1452 862 1491 verba
899 1467 920 1491 a
947 1452 1126 1506 Diogene
1159 1451 1312 1492 Laertio
1353 1456 1505 1492 servata

151 1529 240 1563 sunt
256 1523 332 1564 hoc
352 1523 441 1563 loco
472 1523 547 1564 VII.
565 1524 626 1563 63.
654 1525 744 1563 110:
786 1523 828 1565 ἐκ
850 1524 896 1566 δὲ
925 1526 1004 1566 τῶν
1029 1524 1196 1580 ψευδῶν
1217 1520 1505 1576 ἐπιγίγνεσθαι

148 1595 220 1649 τήν
243 1596 496 1649 διαστροφὴν
512 1596 583 1636 ἐπὶ
599 1596 672 1650 τὴν
698 1594 899 1644 διάνοιαν,
927 1594 998 1649 ἀφ’
1027 1590 1075 1650 ἧς
1100 1596 1237 1637 πολλὰ
1264 1594 1385 1648 πάθη
1403 1596 1505 1646 βλαψ

150 1664 312 1707 στάνειν
338 1667 408 1708 καὶ
440 1665 744 1716 ἀκαταστασίας
773 1666 905 1709 αἷ’τια;
943 1667 1110 1722 planius,
1148 1673 1192 1707 ut
1219 1666 1334 1716 solet,
1364 1667 1503 1707 Cicero

154 1738 271 1778 Tusc.
300 1738 364 1777 lv.
394 1741 427 1777 7.
462 1740 528 1777 14:
568 1740 653 1791 ‘sed
683 1753 817 1780 omnes
845 1738 1152 1793 perturbationes
1180 1738 1319 1778 iudicio
1347 1743 1507 1777 censent

150 1807 230 1847 fieri
261 1813 299 1847 et
327 1810 523 1862 opinione;
551 1810 680 1864 itaque
700 1824 765 1849 eas
786 1808 968 1849 definiunt
994 1810 1174 1862 pressius,
1202 1814 1244 1848 ut
1260 1808 1505 1863 intelligatur,

149 1893 225 1920 non
255 1881 371 1920 modo
400 1896 515 1935 quam
545 1882 717 1929 vitiosae,
747 1882 815 1922 sed
843 1883 958 1922 etiam
986 1895 1101 1935 quam
1120 1881 1158 1920 in
1177 1886 1307 1934 nostra
1334 1881 1409 1920 sint
1435 1893 1506 1934 po-

150 1951 312 1990 testate.’
367 1952 498 2003 Quare
526 1954 556 1991 si
585 1954 632 1993 de
660 1953 827 1993 tumultu
854 1954 981 1992 dicere
1016 1952 1173 1992 volebat
1199 1952 1398 1999 Horatius,
1440 1952 1504 2005 qui

151 2010 360 2076 conceptas
399 2025 599 2079 opiniones
628 2030 775 2065 temere
803 2026 1053 2079 permisceret
1088 2029 1204 2078 atque
1231 2022 1419 2071 efficeret,
1461 2027 1504 2062 ut

151 2094 339 2133 eiusmodi
355 2094 478 2134 ⁴homo
508 2102 772 2135 commotus
801 2096 1000 2135 habendus
1028 2100 1147 2141 esset,
1175 2094 1341 2133 debebat
1366 2094 1506 2133 mentis

150 2170 188 2203 et
215 2166 458 2220 cogitationis
486 2166 694 2207 tumultum
722 2168 861 2208 dicere.
916 2166 1081 2220 Scripsit
1107 2166 1238 2221 igitur:

333 2238 397 2293 qui
426 2240 575 2292 species
604 2239 696 2278 alias
726 2241 827 2279 veris
856 2238 1138 2290 cerebrique
1166 2236 1333 2277 tumultu

331 2310 544 2363 permixtas
571 2311 708 2364 capiet,
737 2315 953 2350 commotus
979 2308 1192 2349 habebitur.

149 2379 436 2433 Cogitationem
464 2387 595 2426 autem
623 2382 727 2435 quod
754 2383 791 2421 in
820 2381 980 2422 cerebro
1018 2381 1239 2426 collocavit,
1282 2381 1318 2419 in
1352 2392 1398 2417 eo
1428 2378 1503 2419 dis÷

147 2451 263 2493 sentit
281 2449 559 2507 aliquantulum
575 2467 596 2493 a
616 2452 769 2501 Stoicis,
790 2467 888 2507 quos
907 2453 1085 2496 docuisse
1105 2452 1247 2493 scimus
1266 2446 1504 2505 ἡγεμονικὸν
