<?xml version="1.0" encoding="UTF-8"?>
<!DOCTYPE html PUBLIC "-//W3C//DTD XHTML 1.0 Transitional//EN"
    "http://www.w3.org/TR/xhtml1/DTD/xhtml1-transitional.dtd">
<html xmlns="http://www.w3.org/1999/xhtml" xml:lang="en" lang="en">
 <head>
  <title>
</title>
<meta http-equiv="Content-Type" content="text/html;charset=utf-8" />
  <meta name='ocr-system' content='tesseract 3.04.00' />
  <meta name='ocr-capabilities' content='ocr_page ocr_carea ocr_par ocr_line ocrx_word'/>
</head>
<body>
  <div class='ocr_page' id='page_1' title='image "./4738087_0137.png"; bbox 0 0 1669 2839; ppageno 0'>
   <div class='ocr_carea' id='block_1_1' title="bbox 170 183 1526 2563">
    <p class='ocr_par' dir='ltr' id='par_1_1' title="bbox 249 183 1027 317">
     <span class='ocr_line' id='line_1_1' title="bbox 291 183 712 241; baseline 0.002 -14"><span class='ocrx_word' id='word_1_1' title='bbox 291 183 372 227; x_wconf 57' lang='lat' dir='ltr'><strong>Sat„</strong></span> <span class='ocrx_word' id='word_1_2' title='bbox 399 183 443 228; x_wconf 83' lang='grc' dir='ltr'><strong>Π.</strong></span> <span class='ocrx_word' id='word_1_3' title='bbox 469 185 507 226; x_wconf 85' lang='grc'><strong>5.</strong></span> <span class='ocrx_word' id='word_1_4' title='bbox 536 188 583 227; x_wconf 85' lang='grc'><strong>19</strong></span> <span class='ocrx_word' id='word_1_5' title='bbox 609 199 712 241; x_wconf 81' lang='lat' dir='ltr'><strong>sqq.:</strong></span> 
     </span>
     <span class='ocr_line' id='line_1_2' title="bbox 249 268 1027 317; baseline -0.001 -15"><span class='ocrx_word' id='word_1_6' title='bbox 249 268 250 271; x_wconf 76' lang='grc'>’</span> <span class='ocrx_word' id='word_1_7' title='bbox 916 273 1027 317; x_wconf 64' lang='grc' dir='ltr'><strong>ι(31·30</strong></span> 
     </span>
    </p>

    <p class='ocr_par' dir='ltr' id='par_1_2' title="bbox 288 331 1463 387">
     <span class='ocr_line' id='line_1_3' title="bbox 288 331 1463 387; baseline 0.002 -16"><span class='ocrx_word' id='word_1_8' title='bbox 288 345 434 387; x_wconf 82' lang='lat' dir='ltr'><strong>pauper</strong></span> <span class='ocrx_word' id='word_1_9' title='bbox 460 332 558 372; x_wconf 67' lang='lat' dir='ltr'><strong>eris:</strong></span> <span class='ocrx_word' id='word_1_10' title='bbox 598 331 772 386; x_wconf 52' lang='lat' dir='ltr'><strong>‘Fortem</strong></span> <span class='ocrx_word' id='word_1_11' title='bbox 798 332 872 374; x_wconf 88' lang='lat' dir='ltr'><strong>hoc</strong></span> <span class='ocrx_word' id='word_1_12' title='bbox 899 334 1068 374; x_wconf 86' lang='lat' dir='ltr'><strong>animum</strong></span> <span class='ocrx_word' id='word_1_13' title='bbox 1094 332 1259 374; x_wconf 88' lang='lat' dir='ltr'><strong>tolerare</strong></span> <span class='ocrx_word' id='word_1_14' title='bbox 1283 331 1463 383; x_wconf 66' lang='lat' dir='ltr'><strong>iubebo;v</strong></span> 
     </span>
    </p>

    <p class='ocr_par' dir='ltr' id='par_1_3' title="bbox 290 404 1321 461">
     <span class='ocr_line' id='line_1_4' title="bbox 290 404 1321 461; baseline 0.002 -18"><span class='ocrx_word' id='word_1_15' title='bbox 290 409 329 443; x_wconf 89' lang='lat' dir='ltr'><strong>et</strong></span> <span class='ocrx_word' id='word_1_16' title='bbox 355 404 548 458; x_wconf 87' lang='lat' dir='ltr'><strong>quondam</strong></span> <span class='ocrx_word' id='word_1_17' title='bbox 576 405 719 445; x_wconf 86' lang='lat' dir='ltr'><strong>maiora</strong></span> <span class='ocrx_word' id='word_1_18' title='bbox 748 404 827 446; x_wconf 86' lang='lat' dir='ltr'><strong>tuli.</strong></span> <span class='ocrx_word' id='word_1_19' title='bbox 853 411 896 445; x_wconf 89' lang='lat' dir='ltr'><strong>tu</strong></span> <span class='ocrx_word' id='word_1_20' title='bbox 921 405 1096 461; x_wconf 79' lang='lat' dir='ltr'><strong>protinus</strong></span> <span class='ocrx_word' id='word_1_21' title='bbox 1122 405 1224 446; x_wconf 90' lang='lat' dir='ltr'><strong>unde</strong></span> <span class='ocrx_word' id='word_1_22' title='bbox 1291 424 1292 428; x_wconf 44' lang='lat'>¹</span> <span class='ocrx_word' id='word_1_23' title='bbox 1315 433 1321 441; x_wconf 30' lang='grc' dir='ltr'><strong><em>ι</em></strong></span> 
     </span>
    </p>

    <p class='ocr_par' dir='ltr' id='par_1_4' title="bbox 181 463 1526 1036">
     <span class='ocr_line' id='line_1_5' title="bbox 289 463 1228 534; baseline 0.002 -20"><span class='ocrx_word' id='word_1_24' title='bbox 289 475 438 515; x_wconf 85' lang='lat' dir='ltr'><strong>divitias</strong></span> <span class='ocrx_word' id='word_1_25' title='bbox 466 477 642 530; x_wconf 85' lang='lat' dir='ltr'><strong>aerisque</strong></span> <span class='ocrx_word' id='word_1_26' title='bbox 668 491 778 518; x_wconf 87' lang='lat' dir='ltr'><strong>ruam</strong></span> <span class='ocrx_word' id='word_1_27' title='bbox 805 463 866 519; x_wconf 85' lang='lat' dir='ltr'><strong>dic</strong></span> <span class='ocrx_word' id='word_1_28' title='bbox 892 491 1015 534; x_wconf 87' lang='lat' dir='ltr'><strong>augur</strong></span> <span class='ocrx_word' id='word_1_29' title='bbox 1042 476 1228 518; x_wconf 66' lang='lat' dir='ltr'><strong>acervos?</strong></span> 
     </span>
     <span class='ocr_line' id='line_1_6' title="bbox 186 547 1526 604; baseline 0.001 -14"><span class='ocrx_word' id='word_1_30' title='bbox 186 547 308 590; x_wconf 83' lang='lat' dir='ltr'>Ulixis</span> <span class='ocrx_word' id='word_1_31' title='bbox 332 561 562 602; x_wconf 82' lang='lat' dir='ltr'><strong>responsum</strong></span> <span class='ocrx_word' id='word_1_32' title='bbox 581 554 625 589; x_wconf 92' lang='lat' dir='ltr'><strong>ut</strong></span> <span class='ocrx_word' id='word_1_33' title='bbox 645 549 894 604; x_wconf 81' lang='lat' dir='ltr'>explicarent,</span> <span class='ocrx_word' id='word_1_34' title='bbox 921 557 1083 594; x_wconf 51' lang='lat' dir='ltr'><strong>veteres,</strong></span> <span class='ocrx_word' id='word_1_35' title='bbox 1098 551 1324 603; x_wconf 79' lang='lat' dir='ltr'><strong>interpretes</strong></span> <span class='ocrx_word' id='word_1_36' title='bbox 1344 550 1392 591; x_wconf 88' lang='lat' dir='ltr'><strong>ad</strong></span> <span class='ocrx_word' id='word_1_37' title='bbox 1410 564 1526 604; x_wconf 84' lang='lat' dir='ltr'><strong>quos·</strong></span> 
     </span>
     <span class='ocr_line' id='line_1_7' title="bbox 183 619 1526 679; baseline -0.001 -16"><span class='ocrx_word' id='word_1_38' title='bbox 183 621 272 663; x_wconf 84' lang='lat' dir='ltr'><strong>dam</strong></span> <span class='ocrx_word' id='word_1_39' title='bbox 293 619 537 676; x_wconf 83' lang='lat' dir='ltr'><strong>Vergilianae</strong></span> <span class='ocrx_word' id='word_1_40' title='bbox 558 620 749 663; x_wconf 85' lang='lat' dir='ltr'>Aeneidos</span> <span class='ocrx_word' id='word_1_41' title='bbox 775 622 883 664; x_wconf 83' lang='lat' dir='ltr'><strong>locos</strong></span> <span class='ocrx_word' id='word_1_42' title='bbox 910 624 1177 679; x_wconf 73' lang='lat' dir='ltr'><strong>confugerunt,</strong></span> <span class='ocrx_word' id='word_1_43' title='bbox 1204 632 1369 676; x_wconf 87' lang='lat' dir='ltr'><strong>quorum</strong></span> <span class='ocrx_word' id='word_1_44' title='bbox 1392 621 1526 663; x_wconf 79' lang='lat' dir='ltr'><strong>similis</strong></span> 
     </span>
     <span class='ocr_line' id='line_1_8' title="bbox 185 683 1525 749; baseline 0.001 -15"><span class='ocrx_word' id='word_1_45' title='bbox 185 699 244 734; x_wconf 88' lang='lat' dir='ltr'><strong>est</strong></span> <span class='ocrx_word' id='word_1_46' title='bbox 270 692 478 734; x_wconf 83' lang='lat' dir='ltr'><strong>sententia:</strong></span> <span class='ocrx_word' id='word_1_47' title='bbox 518 698 558 733; x_wconf 86' lang='lat' dir='ltr'><strong>at</strong></span> <span class='ocrx_word' id='word_1_48' title='bbox 584 699 690 735; x_wconf 90' lang='lat' dir='ltr'><strong>recte</strong></span> <span class='ocrx_word' id='word_1_49' title='bbox 715 701 804 749; x_wconf 86' lang='lat' dir='ltr'><strong>post</strong></span> <span class='ocrx_word' id='word_1_50' title='bbox 835 683 988 736; x_wconf 86' lang='lat' dir='ltr'><strong>renatas</strong></span> <span class='ocrx_word' id='word_1_51' title='bbox 1026 694 1155 736; x_wconf 78' lang='lat' dir='ltr'><strong>literas</strong></span> <span class='ocrx_word' id='word_1_52' title='bbox 1193 693 1429 735; x_wconf 83' lang='lat' dir='ltr'><strong>intellectum</strong></span> <span class='ocrx_word' id='word_1_53' title='bbox 1457 700 1525 743; x_wconf 88' lang='lat' dir='ltr'><strong>est,</strong></span> 
     </span>
     <span class='ocr_line' id='line_1_9' title="bbox 183 764 1526 822; baseline -0.001 -14"><span class='ocrx_word' id='word_1_54' title='bbox 183 780 316 808; x_wconf 85' lang='lat' dir='ltr'><strong>veram</strong></span> <span class='ocrx_word' id='word_1_55' title='bbox 343 764 638 821; x_wconf 77' lang='lat' dir='ltr'><strong>explicationem</strong></span> <span class='ocrx_word' id='word_1_56' title='bbox 664 765 779 810; x_wconf 76' lang='lat' dir='ltr'><strong>altius</strong></span> <span class='ocrx_word' id='word_1_57' title='bbox 803 767 1051 822; x_wconf 86' lang='lat' dir='ltr'><strong>repetendam</strong></span> <span class='ocrx_word' id='word_1_58' title='bbox 1079 781 1165 808; x_wconf 84' lang='lat' dir='ltr'><strong>esse</strong></span> <span class='ocrx_word' id='word_1_59' title='bbox 1188 780 1238 808; x_wconf 86' lang='lat' dir='ltr'><strong>ex</strong></span> <span class='ocrx_word' id='word_1_60' title='bbox 1257 766 1339 821; x_wconf 79' lang='lat' dir='ltr'><strong>ipsa</strong></span> <span class='ocrx_word' id='word_1_61' title='bbox 1367 765 1526 807; x_wconf 82' lang='lat' dir='ltr'><strong>Homeri</strong></span> 
     </span>
     <span class='ocr_line' id='line_1_10' title="bbox 183 837 1525 893; baseline -0.001 -13"><span class='ocrx_word' id='word_1_62' title='bbox 183 838 374 893; x_wconf 80' lang='lat' dir='ltr'><strong>Odyssea3</strong></span> <span class='ocrx_word' id='word_1_63' title='bbox 416 837 555 879; x_wconf 87' lang='lat' dir='ltr'><strong>decere</strong></span> <span class='ocrx_word' id='word_1_64' title='bbox 581 838 684 879; x_wconf 90' lang='lat' dir='ltr'><strong>enim</strong></span> <span class='ocrx_word' id='word_1_65' title='bbox 713 839 963 881; x_wconf 79' lang='lat' dir='ltr'><strong>Homericum</strong></span> <span class='ocrx_word' id='word_1_66' title='bbox 995 838 1135 882; x_wconf 80' lang='lat' dir='ltr'><strong>Ulixen</strong></span> <span class='ocrx_word' id='word_1_67' title='bbox 1170 839 1376 880; x_wconf 87' lang='lat' dir='ltr'><strong>Homerice</strong></span> <span class='ocrx_word' id='word_1_68' title='bbox 1407 838 1525 893; x_wconf 82' lang='lat' dir='ltr'><strong>loqui.</strong></span> 
     </span>
     <span class='ocr_line' id='line_1_11' title="bbox 181 906 1524 967; baseline 0 -16"><span class='ocrx_word' id='word_1_69' title='bbox 181 910 314 964; x_wconf 81' lang='lat' dir='ltr'><strong>Itaque</strong></span> <span class='ocrx_word' id='word_1_70' title='bbox 339 906 415 958; x_wconf 76' lang='lat' dir='ltr'><strong>alii,</strong></span> <span class='ocrx_word' id='word_1_71' title='bbox 442 909 658 963; x_wconf 87' lang='lat' dir='ltr'><strong>Cruquium</strong></span> <span class='ocrx_word' id='word_1_72' title='bbox 687 912 819 959; x_wconf 87' lang='lat' dir='ltr'><strong>secuti,</strong></span> <span class='ocrx_word' id='word_1_73' title='bbox 846 911 917 951; x_wconf 88' lang='lat' dir='ltr'><strong>hos</strong></span> <span class='ocrx_word' id='word_1_74' title='bbox 944 925 1081 952; x_wconf 88' lang='lat' dir='ltr'><strong>versus</strong></span> <span class='ocrx_word' id='word_1_75' title='bbox 1108 911 1318 967; x_wconf 72' lang='lat' dir='ltr'><strong>attulerunt</strong></span> <span class='ocrx_word' id='word_1_76' title='bbox 1343 924 1366 951; x_wconf 82' lang='lat' dir='ltr'><strong>e</strong></span> <span class='ocrx_word' id='word_1_77' title='bbox 1393 912 1524 965; x_wconf 88' lang='lat' dir='ltr'><strong>quinto</strong></span> 
     </span>
     <span class='ocr_line' id='line_1_12' title="bbox 181 982 518 1036; baseline -0.009 -12"><span class='ocrx_word' id='word_1_78' title='bbox 181 982 278 1024; x_wconf 85' lang='lat' dir='ltr'><strong>libro</strong></span> <span class='ocrx_word' id='word_1_79' title='bbox 307 982 400 1032; x_wconf 84' lang='lat'>(223</span> <span class='ocrx_word' id='word_1_80' title='bbox 426 986 518 1036; x_wconf 86' lang='lat' dir='ltr'><strong>sq.):</strong></span> 
     </span>
    </p>

    <p class='ocr_par' dir='ltr' id='par_1_5' title="bbox 282 1050 1380 1111">
     <span class='ocr_line' id='line_1_13' title="bbox 282 1050 1380 1111; baseline 0.001 -14"><span class='ocrx_word' id='word_1_81' title='bbox 282 1050 362 1109; x_wconf 73' lang='grc' dir='ltr'><strong>ἤδη</strong></span> <span class='ocrx_word' id='word_1_82' title='bbox 387 1054 463 1108; x_wconf 78' lang='grc' dir='ltr'><strong>γὰρ</strong></span> <span class='ocrx_word' id='word_1_83' title='bbox 487 1052 601 1106; x_wconf 80' lang='grc' dir='ltr'><strong><em>μάλα</em></strong></span> <span class='ocrx_word' id='word_1_84' title='bbox 626 1053 745 1096; x_wconf 80' lang='grc' dir='ltr'><strong><em>πόλλ’</em></strong></span> <span class='ocrx_word' id='word_1_85' title='bbox 774 1053 939 1098; x_wconf 72' lang='grc' dir='ltr'><strong><em>ἔπαθον</em></strong></span> <span class='ocrx_word' id='word_1_86' title='bbox 965 1057 1033 1098; x_wconf 85' lang='grc' dir='ltr'><strong>καὶ</strong></span> <span class='ocrx_word' id='word_1_87' title='bbox 1059 1055 1196 1098; x_wconf 82' lang='grc' dir='ltr'><strong><em>πολλὰ</em></strong></span> <span class='ocrx_word' id='word_1_88' title='bbox 1220 1053 1380 1111; x_wconf 79' lang='grc' dir='ltr'><strong><em>μόγησα</em></strong></span> 
     </span>
    </p>

    <p class='ocr_par' dir='ltr' id='par_1_6' title="bbox 175 1126 1525 1979">
     <span class='ocr_line' id='line_1_14' title="bbox 281 1126 1434 1182; baseline -0.002 -12"><span class='ocrx_word' id='word_1_89' title='bbox 281 1126 433 1180; x_wconf 83' lang='grc' dir='ltr'><strong><em>κύμασι</em></strong></span> <span class='ocrx_word' id='word_1_90' title='bbox 458 1128 527 1169; x_wconf 83' lang='grc' dir='ltr'><strong>καὶ</strong></span> <span class='ocrx_word' id='word_1_91' title='bbox 552 1127 732 1182; x_wconf 82' lang='grc' dir='ltr'><strong><em>πολέμῳ,</em></strong></span> <span class='ocrx_word' id='word_1_92' title='bbox 759 1129 861 1179; x_wconf 79' lang='grc' dir='ltr'><em>μετὰ</em></span> <span class='ocrx_word' id='word_1_93' title='bbox 880 1130 956 1170; x_wconf 67' lang='grc' dir='ltr'><strong>’καὶ</strong></span> <span class='ocrx_word' id='word_1_94' title='bbox 979 1128 1075 1171; x_wconf 79' lang='grc' dir='ltr'><strong>τόδε</strong></span> <span class='ocrx_word' id='word_1_95' title='bbox 1100 1132 1208 1171; x_wconf 84' lang='grc' dir='ltr'><strong><em>τοῖσι</em></strong></span> <span class='ocrx_word' id='word_1_96' title='bbox 1234 1129 1434 1182; x_wconf 72' lang='grc' dir='ltr'><strong>γενέσθωε</strong></span> 
     </span>
     <span class='ocr_line' id='line_1_15' title="bbox 180 1199 1524 1255; baseline 0 -15"><span class='ocrx_word' id='word_1_97' title='bbox 180 1200 242 1241; x_wconf 90' lang='lat' dir='ltr'><strong>alii</strong></span> <span class='ocrx_word' id='word_1_98' title='bbox 269 1199 444 1240; x_wconf 81' lang='lat' dir='ltr'><strong>Lambini</strong></span> <span class='ocrx_word' id='word_1_99' title='bbox 470 1200 659 1240; x_wconf 87' lang='lat' dir='ltr'><strong>rationem</strong></span> <span class='ocrx_word' id='word_1_100' title='bbox 686 1200 854 1255; x_wconf 82' lang='lat' dir='ltr'><strong>amplexi</strong></span> <span class='ocrx_word' id='word_1_101' title='bbox 880 1206 985 1249; x_wconf 88' lang='lat' dir='ltr'><strong>sunt,</strong></span> <span class='ocrx_word' id='word_1_102' title='bbox 1010 1201 1083 1255; x_wconf 91' lang='lat' dir='ltr'><strong>-qui</strong></span> <span class='ocrx_word' id='word_1_103' title='bbox 1110 1201 1158 1241; x_wconf 89' lang='lat' dir='ltr'><strong>de</strong></span> <span class='ocrx_word' id='word_1_104' title='bbox 1184 1201 1381 1241; x_wconf 89' lang='lat' dir='ltr'><strong>notissimo</strong></span> <span class='ocrx_word' id='word_1_105' title='bbox 1409 1213 1524 1240; x_wconf 85' lang='lat' dir='ltr'><strong>versu</strong></span> 
     </span>
     <span class='ocr_line' id='line_1_16' title="bbox 179 1268 1525 1329; baseline 0 -14"><span class='ocrx_word' id='word_1_106' title='bbox 179 1268 350 1329; x_wconf 86' lang='lat' dir='ltr'><strong>cogitare</strong></span> <span class='ocrx_word' id='word_1_107' title='bbox 381 1272 515 1313; x_wconf 87' lang='lat' dir='ltr'><strong>maluit</strong></span> <span class='ocrx_word' id='word_1_108' title='bbox 539 1271 611 1314; x_wconf 92' lang='lat' dir='ltr'><strong>Od.</strong></span> <span class='ocrx_word' id='word_1_109' title='bbox 641 1290 675 1314; x_wconf 90' lang='lat' dir='ltr'><strong>v.</strong></span> <span class='ocrx_word' id='word_1_110' title='bbox 695 1273 741 1312; x_wconf 89' lang='grc'><strong>18</strong></span> <span class='ocrx_word' id='word_1_111' title='bbox 776 1273 951 1316; x_wconf 74' lang='grc' dir='ltr'><strong><em>τέτλαθι</em></strong></span> <span class='ocrx_word' id='word_1_112' title='bbox 977 1273 1027 1329; x_wconf 81' lang='grc' dir='ltr'><em>δὴ</em></span> <span class='ocrx_word' id='word_1_113' title='bbox 1055 1272 1218 1329; x_wconf 78' lang='grc' dir='ltr'><strong><em>κραδίη·</em></strong></span> <span class='ocrx_word' id='word_1_114' title='bbox 1246 1274 1314 1315; x_wconf 83' lang='grc' dir='ltr'><strong>καὶ</strong></span> <span class='ocrx_word' id='word_1_115' title='bbox 1339 1271 1525 1328; x_wconf 72' lang='grc' dir='ltr'><strong>κύντερον</strong></span> 
     </span>
     <span class='ocr_line' id='line_1_17' title="bbox 179 1342 1523 1402; baseline -0.001 -14"><span class='ocrx_word' id='word_1_116' title='bbox 179 1342 281 1389; x_wconf 72' lang='grc' dir='ltr'><strong><em>ι’ίλλο</em></strong></span> <span class='ocrx_word' id='word_1_117' title='bbox 309 1343 401 1388; x_wconf 79' lang='grc' dir='ltr'><em>ποτ’</em></span> <span class='ocrx_word' id='word_1_118' title='bbox 429 1343 556 1399; x_wconf 69' lang='grc' dir='ltr'><strong><em>ἔτλης.</em></strong></span> <span class='ocrx_word' id='word_1_119' title='bbox 610 1348 736 1401; x_wconf 87' lang='lat' dir='ltr'><strong>Atque</strong></span> <span class='ocrx_word' id='word_1_120' title='bbox 763 1347 853 1387; x_wconf 89' lang='lat' dir='ltr'><strong>mihi</strong></span> <span class='ocrx_word' id='word_1_121' title='bbox 881 1347 1036 1402; x_wconf 88' lang='lat' dir='ltr'><strong>quidem</strong></span> <span class='ocrx_word' id='word_1_122' title='bbox 1062 1346 1237 1388; x_wconf 83' lang='lat' dir='ltr'><strong>Lambini</strong></span> <span class='ocrx_word' id='word_1_123' title='bbox 1265 1345 1446 1387; x_wconf 88' lang='lat' dir='ltr'><strong>iudicium</strong></span> <span class='ocrx_word' id='word_1_124' title='bbox 1470 1347 1523 1386; x_wconf 89' lang='lat' dir='ltr'><strong>ita</strong></span> 
     </span>
     <span class='ocr_line' id='line_1_18' title="bbox 179 1417 1522 1474; baseline 0 -15"><span class='ocrx_word' id='word_1_125' title='bbox 179 1418 319 1474; x_wconf 84' lang='lat' dir='ltr'><strong>placet,</strong></span> <span class='ocrx_word' id='word_1_126' title='bbox 345 1424 388 1459; x_wconf 88' lang='lat' dir='ltr'><strong>ut</strong></span> <span class='ocrx_word' id='word_1_127' title='bbox 414 1417 529 1458; x_wconf 87' lang='lat' dir='ltr'><strong>hodie</strong></span> <span class='ocrx_word' id='word_1_128' title='bbox 555 1419 623 1459; x_wconf 88' lang='lat' dir='ltr'><strong>vix</strong></span> <span class='ocrx_word' id='word_1_129' title='bbox 649 1433 882 1473; x_wconf 88' lang='lat' dir='ltr'><strong>quemquam</strong></span> <span class='ocrx_word' id='word_1_130' title='bbox 903 1420 951 1459; x_wconf 91' lang='lat' dir='ltr'><strong>de</strong></span> <span class='ocrx_word' id='word_1_131' title='bbox 972 1420 1054 1459; x_wconf 90' lang='lat' dir='ltr'><strong>eius</strong></span> <span class='ocrx_word' id='word_1_132' title='bbox 1074 1421 1234 1460; x_wconf 86' lang='lat' dir='ltr'><strong>veritate</strong></span> <span class='ocrx_word' id='word_1_133' title='bbox 1262 1419 1522 1460; x_wconf 84' lang='lat' dir='ltr'><strong>dubitaturum</strong></span> 
     </span>
     <span class='ocr_line' id='line_1_19' title="bbox 182 1490 1520 1547; baseline 0 -16"><span class='ocrx_word' id='word_1_134' title='bbox 182 1491 525 1531; x_wconf 83' lang='lat' dir='ltr'><strong>esse-existimem.</strong></span> <span class='ocrx_word' id='word_1_135' title='bbox 573 1492 622 1530; x_wconf 92' lang='lat' dir='ltr'><strong>At</strong></span> <span class='ocrx_word' id='word_1_136' title='bbox 649 1492 686 1531; x_wconf 91' lang='lat' dir='ltr'><strong>in</strong></span> <span class='ocrx_word' id='word_1_137' title='bbox 713 1492 805 1546; x_wconf 86' lang='lat' dir='ltr'><strong>ipsis</strong></span> <span class='ocrx_word' id='word_1_138' title='bbox 834 1491 981 1531; x_wconf 84' lang='lat' dir='ltr'><strong>Horatii</strong></span> <span class='ocrx_word' id='word_1_139' title='bbox 1005 1490 1133 1531; x_wconf 85' lang='lat' dir='ltr'><strong>verbis</strong></span> <span class='ocrx_word' id='word_1_140' title='bbox 1159 1490 1340 1532; x_wconf 89' lang='lat' dir='ltr'><strong>mendum</strong></span> <span class='ocrx_word' id='word_1_141' title='bbox 1366 1490 1520 1547; x_wconf 80' lang='lat' dir='ltr'><strong>aliquod</strong></span> 
     </span>
     <span class='ocr_line' id='line_1_20' title="bbox 177 1561 1520 1617; baseline -0.001 -14"><span class='ocrx_word' id='word_1_142' title='bbox 177 1562 298 1603; x_wconf 85' lang='lat' dir='ltr'><strong>latere</strong></span> <span class='ocrx_word' id='word_1_143' title='bbox 326 1577 554 1616; x_wconf 85' lang='lat' dir='ltr'><strong>persuasum</strong></span> <span class='ocrx_word' id='word_1_144' title='bbox 573 1562 709 1603; x_wconf 88' lang='lat' dir='ltr'><strong>habeo.</strong></span> <span class='ocrx_word' id='word_1_145' title='bbox 754 1562 999 1615; x_wconf 82' lang='lat' dir='ltr'><strong>Quamquam</strong></span> <span class='ocrx_word' id='word_1_146' title='bbox 1019 1563 1120 1601; x_wconf 90' lang='lat' dir='ltr'><strong>enim</strong></span> <span class='ocrx_word' id='word_1_147' title='bbox 1138 1561 1250 1601; x_wconf 88' lang='lat' dir='ltr'><strong>nullis</strong></span> <span class='ocrx_word' id='word_1_148' title='bbox 1270 1563 1383 1602; x_wconf 76' lang='lat' dir='ltr'><strong>cen-tie</strong></span> <span class='ocrx_word' id='word_1_149' title='bbox 1404 1577 1520 1617; x_wconf 86' lang='lat' dir='ltr'><strong>argu-</strong></span> 
     </span>
     <span class='ocr_line' id='line_1_21' title="bbox 177 1633 1520 1689; baseline 0.001 -15"><span class='ocrx_word' id='word_1_150' title='bbox 177 1634 315 1674; x_wconf 81' lang='lat' dir='ltr'><strong>mentis</strong></span> <span class='ocrx_word' id='word_1_151' title='bbox 333 1634 585 1674; x_wconf 84' lang='lat' dir='ltr'><strong>demonstrari</strong></span> <span class='ocrx_word' id='word_1_152' title='bbox 606 1638 745 1689; x_wconf 83' lang='lat' dir='ltr'><strong>potest,</strong></span> <span class='ocrx_word' id='word_1_153' title='bbox 770 1633 823 1674; x_wconf 88' lang='lat' dir='ltr'><strong>illi</strong></span> <span class='ocrx_word' id='word_1_154' title='bbox 843 1647 920 1674; x_wconf 92' lang='lat' dir='ltr'><strong>non</strong></span> <span class='ocrx_word' id='word_1_155' title='bbox 945 1633 1141 1674; x_wconf 84' lang='lat' dir='ltr'><strong>licuisse</strong></span> <span class='ocrx_word' id='word_1_156' title='bbox 1159 1646 1204 1673; x_wconf 93' lang='lat' dir='ltr'><strong>ea</strong></span> <span class='ocrx_word' id='word_1_157' title='bbox 1221 1633 1399 1682; x_wconf 86' lang='lat' dir='ltr'><strong>scribere,</strong></span> <span class='ocrx_word' id='word_1_158' title='bbox 1422 1648 1520 1689; x_wconf 81' lang='lat' dir='ltr'><strong>quae</strong></span> 
     </span>
     <span class='ocr_line' id='line_1_22' title="bbox 176 1706 1519 1761; baseline -0.001 -14"><span class='ocrx_word' id='word_1_159' title='bbox 176 1720 280 1747; x_wconf 88' lang='lat' dir='ltr'><strong>nunc</strong></span> <span class='ocrx_word' id='word_1_160' title='bbox 307 1706 482 1755; x_wconf 88' lang='lat' dir='ltr'><strong>eduntur,</strong></span> <span class='ocrx_word' id='word_1_161' title='bbox 510 1720 587 1746; x_wconf 91' lang='lat' dir='ltr'><strong>non</strong></span> <span class='ocrx_word' id='word_1_162' title='bbox 614 1707 730 1746; x_wconf 88' lang='lat' dir='ltr'><strong>credo</strong></span> <span class='ocrx_word' id='word_1_163' title='bbox 759 1712 898 1753; x_wconf 85' lang='lat' dir='ltr'><strong>tamen,</strong></span> <span class='ocrx_word' id='word_1_164' title='bbox 925 1707 963 1745; x_wconf 91' lang='lat' dir='ltr'><strong>in</strong></span> <span class='ocrx_word' id='word_1_165' title='bbox 977 1720 1105 1753; x_wconf 88' lang='lat' dir='ltr'><strong>versu,</strong></span> <span class='ocrx_word' id='word_1_166' title='bbox 1133 1708 1197 1760; x_wconf 91' lang='lat' dir='ltr'><strong>qui</strong></span> <span class='ocrx_word' id='word_1_167' title='bbox 1223 1719 1346 1761; x_wconf 89' lang='lat' dir='ltr'><strong>paene</strong></span> <span class='ocrx_word' id='word_1_168' title='bbox 1373 1708 1412 1746; x_wconf 88' lang='lat' dir='ltr'><strong>in</strong></span> <span class='ocrx_word' id='word_1_169' title='bbox 1430 1720 1519 1761; x_wconf 91' lang='lat' dir='ltr'><strong>pro-</strong></span> 
     </span>
     <span class='ocr_line' id='line_1_23' title="bbox 175 1766 1520 1834; baseline 0 -15"><span class='ocrx_word' id='word_1_170' title='bbox 175 1777 351 1819; x_wconf 89' lang='lat' dir='ltr'><strong>verbium</strong></span> <span class='ocrx_word' id='word_1_171' title='bbox 377 1784 546 1827; x_wconf 86' lang='lat' dir='ltr'><strong>venerat,</strong></span> <span class='ocrx_word' id='word_1_172' title='bbox 574 1779 777 1834; x_wconf 88' lang='lat' dir='ltr'><strong>quicquam</strong></span> <span class='ocrx_word' id='word_1_173' title='bbox 807 1792 895 1819; x_wconf 91' lang='lat' dir='ltr'><strong>eum</strong></span> <span class='ocrx_word' id='word_1_174' title='bbox 923 1783 1158 1819; x_wconf 82' lang='lat' dir='ltr'><strong>mutaturum</strong></span> <span class='ocrx_word' id='word_1_175' title='bbox 1176 1766 1303 1827; x_wconf 78' lang='lat' dir='ltr'><strong>fuisse,</strong></span> <span class='ocrx_word' id='word_1_176' title='bbox 1344 1792 1520 1834; x_wconf 78' lang='lat' dir='ltr'><strong>praeser-</strong></span> 
     </span>
     <span class='ocr_line' id='line_1_24' title="bbox 176 1850 1521 1906; baseline 0.001 -15"><span class='ocrx_word' id='word_1_177' title='bbox 176 1852 251 1892; x_wconf 19' lang='lat' dir='ltr'><strong>tim*</strong></span> <span class='ocrx_word' id='word_1_178' title='bbox 271 1865 390 1906; x_wconf 91' lang='lat' dir='ltr'><strong>quum</strong></span> <span class='ocrx_word' id='word_1_179' title='bbox 423 1852 642 1892; x_wconf 86' lang='lat' dir='ltr'><strong>mutationis</strong></span> <span class='ocrx_word' id='word_1_180' title='bbox 667 1850 772 1891; x_wconf 89' lang='lat' dir='ltr'><strong>nulla</strong></span> <span class='ocrx_word' id='word_1_181' title='bbox 798 1851 920 1905; x_wconf 63' lang='lat' dir='ltr'><strong>poscit</strong></span> <span class='ocrx_word' id='word_1_182' title='bbox 947 1863 1061 1889; x_wconf 82' lang='lat' dir='ltr'><strong>causa</strong></span> <span class='ocrx_word' id='word_1_183' title='bbox 1089 1851 1309 1905; x_wconf 85' lang='lat' dir='ltr'><strong>excogitari.</strong></span> <span class='ocrx_word' id='word_1_184' title='bbox 1357 1850 1434 1891; x_wconf 82' lang='lat' dir='ltr'><strong>Vix</strong></span> <span class='ocrx_word' id='word_1_185' title='bbox 1449 1852 1521 1906; x_wconf 88' lang='lat' dir='ltr'><strong>igi-</strong></span> 
     </span>
     <span class='ocr_line' id='line_1_25' title="bbox 176 1921 1276 1979; baseline -0.002 -15"><span class='ocrx_word' id='word_1_186' title='bbox 176 1928 238 1965; x_wconf 86' lang='lat' dir='ltr'><strong>tur</strong></span> <span class='ocrx_word' id='word_1_187' title='bbox 265 1923 409 1972; x_wconf 91' lang='lat' dir='ltr'><strong>dubito,</strong></span> <span class='ocrx_word' id='word_1_188' title='bbox 438 1924 529 1979; x_wconf 90' lang='lat' dir='ltr'><strong>quin</strong></span> <span class='ocrx_word' id='word_1_189' title='bbox 555 1923 606 1964; x_wconf 87' lang='lat' dir='ltr'><strong>ita</strong></span> <span class='ocrx_word' id='word_1_190' title='bbox 634 1923 930 1979; x_wconf 87' lang='lat' dir='ltr'><strong>respondentem</strong></span> <span class='ocrx_word' id='word_1_191' title='bbox 957 1923 1091 1964; x_wconf 85' lang='lat' dir='ltr'><strong>fecerit</strong></span> <span class='ocrx_word' id='word_1_192' title='bbox 1120 1921 1276 1964; x_wconf 85' lang='lat' dir='ltr'><strong>Ulixen:</strong></span> 
     </span>
    </p>

    <p class='ocr_par' dir='ltr' id='par_1_7' title="bbox 357 1993 1431 2125">
     <span class='ocr_line' id='line_1_26' title="bbox 600 1993 1431 2044; baseline -0.001 -9"><span class='ocrx_word' id='word_1_193' title='bbox 600 1996 756 2036; x_wconf 84' lang='lat' dir='ltr'><strong>Fortem</strong></span> <span class='ocrx_word' id='word_1_194' title='bbox 783 1995 859 2036; x_wconf 91' lang='lat' dir='ltr'><strong>hoc</strong></span> <span class='ocrx_word' id='word_1_195' title='bbox 886 1997 1054 2036; x_wconf 89' lang='lat' dir='ltr'><strong>animum</strong></span> <span class='ocrx_word' id='word_1_196' title='bbox 1081 1994 1247 2035; x_wconf 84' lang='lat' dir='ltr'><strong>tolerare</strong></span> <span class='ocrx_word' id='word_1_197' title='bbox 1273 1993 1431 2044; x_wconf 85' lang='lat' dir='ltr'><strong>iubeb0;</strong></span> 
     </span>
     <span class='ocr_line' id='line_1_27' title="bbox 357 2067 935 2125; baseline -0.003 -15"><span class='ocrx_word' id='word_1_198' title='bbox 357 2074 395 2111; x_wconf 93' lang='lat' dir='ltr'><strong>et</strong></span> <span class='ocrx_word' id='word_1_199' title='bbox 422 2068 616 2125; x_wconf 85' lang='lat' dir='ltr'><strong>quondam</strong></span> <span class='ocrx_word' id='word_1_200' title='bbox 643 2068 787 2108; x_wconf 83' lang='lat' dir='ltr'><strong>maiora</strong></span> <span class='ocrx_word' id='word_1_201' title='bbox 814 2067 935 2114; x_wconf 84' lang='lat' dir='ltr'><strong>tulit.</strong></span> 
     </span>
    </p>

    <p class='ocr_par' dir='ltr' id='par_1_8' title="bbox 170 2131 1517 2563">
     <span class='ocr_line' id='line_1_28' title="bbox 174 2131 1517 2196; baseline -0.002 -13"><span class='ocrx_word' id='word_1_202' title='bbox 174 2142 284 2183; x_wconf 79' lang='lat' dir='ltr'><strong>Haec</strong></span> <span class='ocrx_word' id='word_1_203' title='bbox 311 2143 411 2182; x_wconf 88' lang='lat' dir='ltr'><strong>enim</strong></span> <span class='ocrx_word' id='word_1_204' title='bbox 440 2146 479 2180; x_wconf 93' lang='lat' dir='ltr'><strong>et</strong></span> <span class='ocrx_word' id='word_1_205' title='bbox 504 2142 660 2196; x_wconf 82' lang='lat' dir='ltr'><strong>propius</strong></span> <span class='ocrx_word' id='word_1_206' title='bbox 671 2140 734 2180; x_wconf 83' lang='lat' dir='ltr'><strong>‘ad</strong></span> <span class='ocrx_word' id='word_1_207' title='bbox 748 2140 994 2180; x_wconf 88' lang='lat' dir='ltr'><strong>Homericam</strong></span> <span class='ocrx_word' id='word_1_208' title='bbox 1022 2138 1224 2180; x_wconf 81' lang='lat' dir='ltr'><strong>formulam</strong></span> <span class='ocrx_word' id='word_1_209' title='bbox 1251 2131 1451 2188; x_wconf 76' lang='lat' dir='ltr'><strong>accedunt,</strong></span> <span class='ocrx_word' id='word_1_210' title='bbox 1479 2145 1517 2180; x_wconf 90' lang='lat' dir='ltr'><strong>et</strong></span> 
     </span>
     <span class='ocr_line' id='line_1_29' title="bbox 173 2211 1516 2272; baseline -0.003 -16"><span class='ocrx_word' id='word_1_211' title='bbox 173 2217 254 2272; x_wconf 90' lang='lat' dir='ltr'><strong>ipsa</strong></span> <span class='ocrx_word' id='word_1_212' title='bbox 294 2215 446 2272; x_wconf 88' lang='lat' dir='ltr'><strong>poetico</strong></span> <span class='ocrx_word' id='word_1_213' title='bbox 489 2213 656 2254; x_wconf 86' lang='lat' dir='ltr'><strong>sermoni</strong></span> <span class='ocrx_word' id='word_1_214' title='bbox 692 2214 1003 2254; x_wconf 85' lang='lat' dir='ltr'><strong>convenientiora</strong></span> <span class='ocrx_word' id='word_1_215' title='bbox 1041 2212 1234 2253; x_wconf 85' lang='lat' dir='ltr'><strong>videntur:</strong></span> <span class='ocrx_word' id='word_1_216' title='bbox 1274 2211 1322 2253; x_wconf 83' lang='lat' dir='ltr'><strong>ad</strong></span> <span class='ocrx_word' id='word_1_217' title='bbox 1362 2212 1516 2253; x_wconf 80' lang='lat' dir='ltr'><strong>codices</strong></span> 
     </span>
     <span class='ocr_line' id='line_1_30' title="bbox 174 2283 1515 2342; baseline -0.003 -14"><span class='ocrx_word' id='word_1_218' title='bbox 174 2293 303 2328; x_wconf 86' lang='lat' dir='ltr'><strong>autem</strong></span> <span class='ocrx_word' id='word_1_219' title='bbox 329 2287 401 2328; x_wconf 88' lang='lat' dir='ltr'><strong>hac</strong></span> <span class='ocrx_word' id='word_1_220' title='bbox 428 2286 585 2342; x_wconf 90' lang='lat' dir='ltr'><strong>quidem</strong></span> <span class='ocrx_word' id='word_1_221' title='bbox 612 2287 648 2324; x_wconf 91' lang='lat' dir='ltr'><strong>in</strong></span> <span class='ocrx_word' id='word_1_222' title='bbox 676 2298 803 2333; x_wconf 84' lang='lat' dir='ltr'><strong>causa,</strong></span> <span class='ocrx_word' id='word_1_223' title='bbox 831 2300 948 2340; x_wconf 89' lang='lat' dir='ltr'><strong>quum</strong></span> <span class='ocrx_word' id='word_1_224' title='bbox 977 2285 1216 2340; x_wconf 79' lang='lat' dir='ltr'><strong>subsequens</strong></span> <span class='ocrx_word' id='word_1_225' title='bbox 1233 2283 1466 2325; x_wconf 80' lang='lat' dir='ltr'><strong>vocabulum</strong></span> <span class='ocrx_word' id='word_1_226' title='bbox 1493 2298 1515 2324; x_wconf 92' lang='lat' dir='ltr'><strong>a</strong></span> 
     </span>
     <span class='ocr_line' id='line_1_31' title="bbox 174 2355 1515 2414; baseline -0.002 -13"><span class='ocrx_word' id='word_1_227' title='bbox 174 2360 323 2401; x_wconf 84' lang='lat' dir='ltr'><strong>tlitera</strong></span> <span class='ocrx_word' id='word_1_228' title='bbox 356 2360 521 2414; x_wconf 86' lang='lat' dir='ltr'><strong>incipiat,</strong></span> <span class='ocrx_word' id='word_1_229' title='bbox 548 2372 664 2399; x_wconf 90' lang='lat' dir='ltr'><strong>nemo</strong></span> <span class='ocrx_word' id='word_1_230' title='bbox 698 2371 912 2412; x_wconf 85' lang='lat' dir='ltr'><strong>provocare</strong></span> <span class='ocrx_word' id='word_1_231' title='bbox 945 2357 1061 2399; x_wconf 91' lang='lat' dir='ltr'><strong>volet.</strong></span> <span class='ocrx_word' id='word_1_232' title='bbox 1116 2358 1269 2409; x_wconf 47' lang='lat' dir='ltr'><strong>Quodsi*</strong></span> <span class='ocrx_word' id='word_1_233' title='bbox 1300 2357 1385 2411; x_wconf 84' lang='lat' dir='ltr'><strong>quis</strong></span> <span class='ocrx_word' id='word_1_234' title='bbox 1417 2355 1515 2398; x_wconf 86' lang='lat' dir='ltr'><strong>haec</strong></span> 
     </span>
     <span class='ocr_line' id='line_1_32' title="bbox 171 2427 1512 2488; baseline -0.004 -13"><span class='ocrx_word' id='word_1_235' title='bbox 171 2432 284 2488; x_wconf 45' lang='lat' dir='ltr'><strong>‘tulin</strong></span> <span class='ocrx_word' id='word_1_236' title='bbox 313 2430 373 2472; x_wconf 81' lang='lat' dir='ltr'><strong>tu’</strong></span> <span class='ocrx_word' id='word_1_237' title='bbox 396 2431 484 2471; x_wconf 84' lang='lat' dir='ltr'><strong>ideo</strong></span> <span class='ocrx_word' id='word_1_238' title='bbox 526 2431 651 2472; x_wconf 74' lang='lat' dir='ltr'><strong>minua</strong></span> <span class='ocrx_word' id='word_1_239' title='bbox 679 2429 835 2485; x_wconf 83' lang='lat' dir='ltr'><strong>probet,</strong></span> <span class='ocrx_word' id='word_1_240' title='bbox 874 2431 977 2486; x_wconf 90' lang='lat' dir='ltr'><strong>quod</strong></span> <span class='ocrx_word' id='word_1_241' title='bbox 1004 2430 1158 2471; x_wconf 84' lang='lat' dir='ltr'><strong>auribus</strong></span> <span class='ocrx_word' id='word_1_242' title='bbox 1184 2441 1322 2486; x_wconf 85' lang='lat' dir='ltr'><strong>parum</strong></span> <span class='ocrx_word' id='word_1_243' title='bbox 1348 2427 1512 2469; x_wconf 84' lang='lat' dir='ltr'><strong>iucunda</strong></span> 
     </span>
     <span class='ocr_line' id='line_1_33' title="bbox 170 2497 1511 2563; baseline -0.002 -16"><span class='ocrx_word' id='word_1_244' title='bbox 170 2507 269 2557; x_wconf 73' lang='lat' dir='ltr'><strong>sint,</strong></span> <span class='ocrx_word' id='word_1_245' title='bbox 294 2505 328 2546; x_wconf 78' lang='lat' dir='ltr'><strong>is</strong></span> <span class='ocrx_word' id='word_1_246' title='bbox 354 2502 515 2545; x_wconf 86' lang='lat' dir='ltr'><strong>eandem</strong></span> <span class='ocrx_word' id='word_1_247' title='bbox 548 2503 719 2545; x_wconf 82' lang='lat' dir='ltr'><strong>eiusdem</strong></span> <span class='ocrx_word' id='word_1_248' title='bbox 753 2501 887 2543; x_wconf 88' lang='lat' dir='ltr'><strong>literae</strong></span> <span class='ocrx_word' id='word_1_249' title='bbox 924 2503 1167 2543; x_wconf 86' lang='lat' dir='ltr'><strong>iterationem</strong></span> <span class='ocrx_word' id='word_1_250' title='bbox 1206 2503 1302 2545; x_wconf 84' lang='lat' dir='ltr'><strong>intra</strong></span> <span class='ocrx_word' id='word_1_251' title='bbox 1343 2497 1511 2563; x_wconf 78' lang='lat' dir='ltr'><strong>quinque</strong></span> 
     </span>
    </p>
   </div>
  </div>
 </body>
</html>
