<?xml version="1.0" encoding="UTF-8"?>
<!DOCTYPE html PUBLIC "-//W3C//DTD XHTML 1.0 Transitional//EN"
    "http://www.w3.org/TR/xhtml1/DTD/xhtml1-transitional.dtd">
<html xmlns="http://www.w3.org/1999/xhtml" xml:lang="en" lang="en">
 <head>
  <title>
</title>
<meta http-equiv="Content-Type" content="text/html;charset=utf-8" />
  <meta name='ocr-system' content='tesseract 3.04.00' />
  <meta name='ocr-capabilities' content='ocr_page ocr_carea ocr_par ocr_line ocrx_word'/>
</head>
<body>
  <div class='ocr_page' id='page_1' title='image "./4738087_0098.png"; bbox 0 0 1669 2839; ppageno 0'>
   <div class='ocr_carea' id='block_1_1' title="bbox 747 97 809 144">
    <p class='ocr_par' dir='ltr' id='par_1_1' title="bbox 747 97 809 144">
     <span class='ocr_line' id='line_1_1' title="bbox 747 97 809 144; baseline 0 0"><span class='ocrx_word' id='word_1_1' title='bbox 747 97 809 144; x_wconf 64' lang='lat' dir='ltr'><strong>U!</strong></span> 
     </span>
    </p>
   </div>
   <div class='ocr_carea' id='block_1_2' title="bbox 72 206 1492 2560">
    <p class='ocr_par' dir='ltr' id='par_1_2' title="bbox 72 206 1492 2560">
     <span class='ocr_line' id='line_1_2' title="bbox 104 206 1457 269; baseline -0.008 -8"><span class='ocrx_word' id='word_1_2' title='bbox 104 219 273 261; x_wconf 75' lang='lat' dir='ltr'><strong>sumeret</strong></span> <span class='ocrx_word' id='word_1_3' title='bbox 299 214 538 269; x_wconf 73' lang='lat' dir='ltr'><strong>praefectum</strong></span> <span class='ocrx_word' id='word_1_4' title='bbox 565 211 650 250; x_wconf 87' lang='lat' dir='ltr'><strong>urbi</strong></span> <span class='ocrx_word' id='word_1_5' title='bbox 677 208 728 251; x_wconf 71' lang='grc' dir='ltr'><strong>ἐκ</strong></span> <span class='ocrx_word' id='word_1_6' title='bbox 745 212 825 251; x_wconf 80' lang='grc' dir='ltr'><strong>τῶν</strong></span> <span class='ocrx_word' id='word_1_7' title='bbox 852 207 989 251; x_wconf 77' lang='grc' dir='ltr'><em>πάντα</em></span> <span class='ocrx_word' id='word_1_8' title='bbox 1013 208 1066 256; x_wconf 72' lang='grc' dir='ltr'><strong>τρὶ</strong></span> <span class='ocrx_word' id='word_1_9' title='bbox 1092 206 1328 262; x_wconf 71' lang='grc' dir='ltr'><em>καθήκοντα</em></span> <span class='ocrx_word' id='word_1_10' title='bbox 1354 208 1457 263; x_wconf 58' lang='grc' dir='ltr'><strong><em>προέ-</em></strong></span> 
     </span>
     <span class='ocr_line' id='line_1_3' title="bbox 104 279 1492 337; baseline -0.01 -5"><span class='ocrx_word' id='word_1_11' title='bbox 104 284 478 337; x_wconf 66' lang='grc' dir='ltr'><strong><em>πεπολιτευμένων,</em></strong></span> <span class='ocrx_word' id='word_1_12' title='bbox 516 283 546 321; x_wconf 92' lang='lat' dir='ltr'><strong>si</strong></span> <span class='ocrx_word' id='word_1_13' title='bbox 574 283 765 329; x_wconf 81' lang='lat' dir='ltr'><strong>scivisset,</strong></span> <span class='ocrx_word' id='word_1_14' title='bbox 793 281 864 329; x_wconf 88' lang='lat' dir='ltr'><strong>illi,</strong></span> <span class='ocrx_word' id='word_1_15' title='bbox 893 294 1008 335; x_wconf 89' lang='lat' dir='ltr'><strong>quem</strong></span> <span class='ocrx_word' id='word_1_16' title='bbox 1036 287 1204 335; x_wconf 85' lang='lat' dir='ltr'><strong>angusto</strong></span> <span class='ocrx_word' id='word_1_17' title='bbox 1226 279 1336 319; x_wconf 82' lang='lat' dir='ltr'><strong>clavo</strong></span> <span class='ocrx_word' id='word_1_18' title='bbox 1363 288 1457 319; x_wconf 82' lang='lat' dir='ltr'><strong>eon-</strong></span> <span class='ocrx_word' id='word_1_19' title='bbox 1476 305 1492 318; x_wconf 77' lang='grc'><strong>.</strong></span> 
     </span>
     <span class='ocr_line' id='line_1_4' title="bbox 105 351 1453 408; baseline -0.01 -5"><span class='ocrx_word' id='word_1_20' title='bbox 105 367 253 402; x_wconf 88' lang='lat' dir='ltr'><strong>tentum</strong></span> <span class='ocrx_word' id='word_1_21' title='bbox 291 358 438 398; x_wconf 76' lang='lat' dir='ltr'><strong>vixisse</strong></span> <span class='ocrx_word' id='word_1_22' title='bbox 476 359 637 402; x_wconf 77' lang='lat' dir='ltr'><strong>constat,</strong></span> <span class='ocrx_word' id='word_1_23' title='bbox 671 355 805 408; x_wconf 46' lang='lat' dir='ltr'><strong>*ipsum</strong></span> <span class='ocrx_word' id='word_1_24' title='bbox 845 354 919 394; x_wconf 91' lang='lat' dir='ltr'><strong>hoc</strong></span> <span class='ocrx_word' id='word_1_25' title='bbox 955 366 1094 393; x_wconf 87' lang='lat' dir='ltr'><strong>munus</strong></span> <span class='ocrx_word' id='word_1_26' title='bbox 1127 352 1299 393; x_wconf 88' lang='lat' dir='ltr'><strong>delatum</strong></span> <span class='ocrx_word' id='word_1_27' title='bbox 1327 351 1453 390; x_wconf 74' lang='lat' dir='ltr'><strong>fuisse.</strong></span> 
     </span>
     <span class='ocr_line' id='line_1_5' title="bbox 104 423 1457 484; baseline -0.008 -10"><span class='ocrx_word' id='word_1_28' title='bbox 104 431 358 484; x_wconf 35' lang='lat' dir='ltr'><strong>Aliudvplane</strong></span> <span class='ocrx_word' id='word_1_29' title='bbox 383 426 600 481; x_wconf 79' lang='lat' dir='ltr'><strong>negotium,</strong></span> <span class='ocrx_word' id='word_1_30' title='bbox 641 427 756 481; x_wconf 83' lang='lat' dir='ltr'><strong>idque</strong></span> <span class='ocrx_word' id='word_1_31' title='bbox 794 427 988 481; x_wconf 78' lang='lat' dir='ltr'><strong>aliquanto</strong></span> <span class='ocrx_word' id='word_1_32' title='bbox 1029 427 1202 481; x_wconf 82' lang='lat' dir='ltr'><strong>gravius,</strong></span> <span class='ocrx_word' id='word_1_33' title='bbox 1239 423 1293 464; x_wconf 88' lang='lat' dir='ltr'><strong>illi</strong></span> <span class='ocrx_word' id='word_1_34' title='bbox 1332 424 1457 464; x_wconf 83' lang='lat' dir='ltr'><strong>iniun-</strong></span> 
     </span>
     <span class='ocr_line' id='line_1_6' title="bbox 106 495 1458 551; baseline -0.007 -6"><span class='ocrx_word' id='word_1_35' title='bbox 106 511 212 546; x_wconf 84' lang='lat' dir='ltr'><strong>ctum</strong></span> <span class='ocrx_word' id='word_1_36' title='bbox 249 502 320 541; x_wconf 81' lang='lat' dir='ltr'><strong>fuit</strong></span> <span class='ocrx_word' id='word_1_37' title='bbox 359 495 615 551; x_wconf 66' lang='lat' dir='ltr'><strong>ad‘tempus:</strong></span> <span class='ocrx_word' id='word_1_38' title='bbox 655 504 740 537; x_wconf 85' lang='lat' dir='ltr'><strong>erat</strong></span> <span class='ocrx_word' id='word_1_39' title='bbox 765 498 864 537; x_wconf 89' lang='lat' dir='ltr'><strong>enim</strong></span> <span class='ocrx_word' id='word_1_40' title='bbox 906 497 1081 537; x_wconf 86' lang='lat' dir='ltr'><strong>civilibus</strong></span> <span class='ocrx_word' id='word_1_41' title='bbox 1116 498 1226 537; x_wconf 84' lang='lat' dir='ltr'><strong>bellis</strong></span> <span class='ocrx_word' id='word_1_42' title='bbox 1253 518 1303 527; x_wconf 88' lang='lat'><strong>--</strong></span> <span class='ocrx_word' id='word_1_43' title='bbox 1331 495 1458 535; x_wconf 75' lang='lat' dir='ltr'><strong>Taciti</strong></span> 
     </span>
     <span class='ocr_line' id='line_1_7' title="bbox 106 568 1455 623; baseline -0.005 -9"><span class='ocrx_word' id='word_1_44' title='bbox 106 576 233 616; x_wconf 81' lang='lat' dir='ltr'><strong>verbis</strong></span> <span class='ocrx_word' id='word_1_45' title='bbox 248 577 398 611; x_wconf 68' lang='lat' dir='ltr'><strong>utor-</strong></span> <span class='ocrx_word' id='word_1_46' title='bbox 411 569 686 623; x_wconf 47' lang='lat' dir='ltr'><strong>cunctis‘apud</strong></span> <span class='ocrx_word' id='word_1_47' title='bbox 702 568 868 609; x_wconf 86' lang='lat' dir='ltr'>Romam</span> <span class='ocrx_word' id='word_1_48' title='bbox 894 575 1011 623; x_wconf 87' lang='lat' dir='ltr'><strong>atque</strong></span> <span class='ocrx_word' id='word_1_49' title='bbox 1024 568 1171 609; x_wconf 81' lang='lat' dir='ltr'><strong>ltaliam</strong></span> <span class='ocrx_word' id='word_1_50' title='bbox 1201 568 1455 622; x_wconf 69' lang='lat' dir='ltr'><strong>praepositus.</strong></span> 
     </span>
     <span class='ocr_line' id='line_1_8' title="bbox 106 638 1457 695; baseline -0.006 -9"><span class='ocrx_word' id='word_1_51' title='bbox 106 646 164 686; x_wconf 82' lang='lat' dir='ltr'><strong>Eo</strong></span> <span class='ocrx_word' id='word_1_52' title='bbox 191 652 352 683; x_wconf 76' lang='lat' dir='ltr'><strong>munere</strong></span> <span class='ocrx_word' id='word_1_53' title='bbox 392 654 469 695; x_wconf 90' lang='lat' dir='ltr'><strong>quo</strong></span> <span class='ocrx_word' id='word_1_54' title='bbox 497 653 597 680; x_wconf 83' lang='lat' dir='ltr'><strong>anno</strong></span> <span class='ocrx_word' id='word_1_55' title='bbox 630 641 737 695; x_wconf 87' lang='lat' dir='ltr'><strong>fungi</strong></span> <span class='ocrx_word' id='word_1_56' title='bbox 771 641 959 694; x_wconf 87' lang='lat' dir='ltr'><strong>coeperit,</strong></span> <span class='ocrx_word' id='word_1_57' title='bbox 1001 653 1076 679; x_wconf 87' lang='lat' dir='ltr'><strong>non</strong></span> <span class='ocrx_word' id='word_1_58' title='bbox 1116 641 1269 680; x_wconf 86' lang='lat' dir='ltr'><strong>videtur</strong></span> <span class='ocrx_word' id='word_1_59' title='bbox 1312 638 1457 678; x_wconf 84' lang='lat' dir='ltr'><strong>definiri</strong></span> 
     </span>
     <span class='ocr_line' id='line_1_9' title="bbox 106 706 1455 772; baseline -0.003 -19"><span class='ocrx_word' id='word_1_60' title='bbox 106 729 232 771; x_wconf 71' lang='lat' dir='ltr'><strong>posse.</strong></span> <span class='ocrx_word' id='word_1_61' title='bbox 277 713 355 751; x_wconf 90' lang='lat' dir='ltr'><strong>Dio</strong></span> <span class='ocrx_word' id='word_1_62' title='bbox 381 718 488 752; x_wconf 84' lang='lat' dir='ltr'><strong>certe</strong></span> <span class='ocrx_word' id='word_1_63' title='bbox 514 713 580 751; x_wconf 93' lang='lat' dir='ltr'><strong>ubi</strong></span> <span class='ocrx_word' id='word_1_64' title='bbox 607 712 655 751; x_wconf 93' lang='lat' dir='ltr'><strong>de</strong></span> <span class='ocrx_word' id='word_1_65' title='bbox 682 725 782 751; x_wconf 86' lang='lat' dir='ltr'><strong>anno</strong></span> <span class='ocrx_word' id='word_1_66' title='bbox 809 726 846 751; x_wconf 89' lang='lat' dir='ltr'><strong>u.</strong></span> <span class='ocrx_word' id='word_1_67' title='bbox 868 723 900 751; x_wconf 89' lang='lat' dir='ltr'><strong>c.</strong></span> <span class='ocrx_word' id='word_1_68' title='bbox 921 712 997 750; x_wconf 82' lang='lat'><strong>718</strong></span> <span class='ocrx_word' id='word_1_69' title='bbox 1026 712 1176 772; x_wconf 86' lang='lat' dir='ltr'><strong>disserit</strong></span> <span class='ocrx_word' id='word_1_70' title='bbox 1202 710 1358 761; x_wconf 88' lang='lat' dir='ltr'><strong>(XLlX.</strong></span> <span class='ocrx_word' id='word_1_71' title='bbox 1381 706 1455 761; x_wconf 83' lang='lat'>16),</span> 
     </span>
     <span class='ocr_line' id='line_1_10' title="bbox 104 780 1448 831; baseline -0.004 -5"><span class='ocrx_word' id='word_1_72' title='bbox 104 785 196 827; x_wconf 86' lang='lat' dir='ltr'><strong>nihil</strong></span> <span class='ocrx_word' id='word_1_73' title='bbox 220 798 266 825; x_wconf 84' lang='lat' dir='ltr'><strong>ea</strong></span> <span class='ocrx_word' id='word_1_74' title='bbox 294 783 341 823; x_wconf 90' lang='lat' dir='ltr'><strong>de</strong></span> <span class='ocrx_word' id='word_1_75' title='bbox 369 795 411 823; x_wconf 86' lang='lat' dir='ltr'><strong>re</strong></span> <span class='ocrx_word' id='word_1_76' title='bbox 438 783 546 831; x_wconf 88' lang='lat' dir='ltr'><strong>dicit,</strong></span> <span class='ocrx_word' id='word_1_77' title='bbox 587 783 671 822; x_wconf 81' lang='lat' dir='ltr'><strong>nisi.</strong></span> <span class='ocrx_word' id='word_1_78' title='bbox 694 782 959 822; x_wconf 75' lang='lat' dir='ltr'><strong>Maecenatem</strong></span> <span class='ocrx_word' id='word_1_79' title='bbox 986 783 1055 824; x_wconf 83' lang='grc' dir='ltr'><strong>καὶ</strong></span> <span class='ocrx_word' id='word_1_80' title='bbox 1080 781 1173 825; x_wconf 79' lang='grc' dir='ltr'><strong><em>τότε</em></strong></span> <span class='ocrx_word' id='word_1_81' title='bbox 1200 783 1268 823; x_wconf 74' lang='grc' dir='ltr'><strong>καὶ</strong></span> <span class='ocrx_word' id='word_1_82' title='bbox 1303 780 1448 823; x_wconf 75' lang='grc' dir='ltr'><strong><em>ἔπειτα</em></strong></span> 
     </span>
     <span class='ocr_line' id='line_1_11' title="bbox 106 854 1449 909; baseline -0.006 -8"><span class='ocrx_word' id='word_1_83' title='bbox 106 859 179 901; x_wconf 61' lang='grc' dir='ltr'><strong>ἰπὶ</strong></span> <span class='ocrx_word' id='word_1_84' title='bbox 203 854 312 898; x_wconf 81' lang='grc' dir='ltr'><strong><em>πολύ</em></strong></span> <span class='ocrx_word' id='word_1_85' title='bbox 339 854 444 895; x_wconf 83' lang='lat' dir='ltr'><strong>urbis</strong></span> <span class='ocrx_word' id='word_1_86' title='bbox 485 861 606 909; x_wconf 81' lang='lat' dir='ltr'><strong>atque</strong></span> <span class='ocrx_word' id='word_1_87' title='bbox 627 854 759 894; x_wconf 80' lang='lat' dir='ltr'><strong>Italiae</strong></span> <span class='ocrx_word' id='word_1_88' title='bbox 792 854 907 894; x_wconf 86' lang='lat' dir='ltr'><strong>rebus</strong></span> <span class='ocrx_word' id='word_1_89' title='bbox 933 856 1163 908; x_wconf 78' lang='lat' dir='ltr'><strong>praefuisse:</strong></span> <span class='ocrx_word' id='word_1_90' title='bbox 1203 856 1279 896; x_wconf 88' lang='lat' dir='ltr'><strong>hoc</strong></span> <span class='ocrx_word' id='word_1_91' title='bbox 1319 854 1449 909; x_wconf 81' lang='lat' dir='ltr'><strong>paullo</strong></span> 
     </span>
     <span class='ocr_line' id='line_1_12' title="bbox 105 926 1456 982; baseline -0.004 -10"><span class='ocrx_word' id='word_1_92' title='bbox 105 928 357 972; x_wconf 77' lang='lat' dir='ltr'><strong>confidentius</strong></span> <span class='ocrx_word' id='word_1_93' title='bbox 396 928 608 982; x_wconf 76' lang='lat' dir='ltr'><strong>posuerim,</strong></span> <span class='ocrx_word' id='word_1_94' title='bbox 649 939 830 981; x_wconf 85' lang='lat' dir='ltr'><strong>magnam</strong></span> <span class='ocrx_word' id='word_1_95' title='bbox 868 926 969 966; x_wconf 87' lang='lat' dir='ltr'><strong>hanc</strong></span> <span class='ocrx_word' id='word_1_96' title='bbox 1006 927 1086 966; x_wconf 86' lang='lat' dir='ltr'><strong>eius</strong></span> <span class='ocrx_word' id='word_1_97' title='bbox 1128 933 1166 967; x_wconf 91' lang='lat' dir='ltr'><strong>et</strong></span> <span class='ocrx_word' id='word_1_98' title='bbox 1199 928 1264 967; x_wconf 85' lang='lat' dir='ltr'><strong>vix</strong></span> <span class='ocrx_word' id='word_1_99' title='bbox 1297 927 1456 969; x_wconf 84' lang='lat' dir='ltr'><strong>civilem</strong></span> 
     </span>
     <span class='ocr_line' id='line_1_13' title="bbox 104 999 1457 1057; baseline -0.001 -16"><span class='ocrx_word' id='word_1_100' title='bbox 104 1006 336 1057; x_wconf 81' lang='lat' dir='ltr'><strong>potestatem</strong></span> <span class='ocrx_word' id='word_1_101' title='bbox 374 1013 451 1039; x_wconf 88' lang='lat' dir='ltr'><strong>non</strong></span> <span class='ocrx_word' id='word_1_102' title='bbox 484 1000 538 1038; x_wconf 79' lang='lat' dir='ltr'><strong>ita</strong></span> <span class='ocrx_word' id='word_1_103' title='bbox 571 999 637 1038; x_wconf 89' lang='lat' dir='ltr'><strong>diu</strong></span> <span class='ocrx_word' id='word_1_104' title='bbox 677 1004 767 1053; x_wconf 86' lang='lat' dir='ltr'><strong>post</strong></span> <span class='ocrx_word' id='word_1_105' title='bbox 799 1000 997 1038; x_wconf 73' lang='lat' dir='ltr'><strong>Actiacam</strong></span> <span class='ocrx_word' id='word_1_106' title='bbox 1033 1012 1203 1052; x_wconf 84' lang='lat' dir='ltr'><strong>pugnam</strong></span> <span class='ocrx_word' id='word_1_107' title='bbox 1238 1005 1304 1039; x_wconf 87' lang='lat' dir='ltr'><strong>aut</strong></span> <span class='ocrx_word' id='word_1_108' title='bbox 1333 999 1457 1039; x_wconf 83' lang='lat' dir='ltr'><strong>-valde</strong></span> 
     </span>
     <span class='ocr_line' id='line_1_14' title="bbox 104 1070 1450 1125; baseline -0.003 -10"><span class='ocrx_word' id='word_1_109' title='bbox 104 1075 344 1115; x_wconf 71' lang='lat' dir='ltr'><strong>imminutam</strong></span> <span class='ocrx_word' id='word_1_110' title='bbox 370 1077 437 1111; x_wconf 89' lang='lat' dir='ltr'><strong>aut</strong></span> <span class='ocrx_word' id='word_1_111' title='bbox 463 1071 576 1125; x_wconf 82' lang='lat' dir='ltr'><strong>plane</strong></span> <span class='ocrx_word' id='word_1_112' title='bbox 603 1070 793 1111; x_wconf 77' lang='lat' dir='ltr'><strong>sublatam</strong></span> <span class='ocrx_word' id='word_1_113' title='bbox 821 1084 918 1119; x_wconf 83' lang='lat' dir='ltr'><strong>esse,</strong></span> <span class='ocrx_word' id='word_1_114' title='bbox 945 1072 997 1110; x_wconf 87' lang='lat' dir='ltr'><strong>ita</strong></span> <span class='ocrx_word' id='word_1_115' title='bbox 1024 1075 1152 1110; x_wconf 80' lang='lat' dir='ltr'><strong>tamen</strong></span> <span class='ocrx_word' id='word_1_116' title='bbox 1180 1070 1380 1120; x_wconf 82' lang='lat' dir='ltr'><strong>sublatam,</strong></span> <span class='ocrx_word' id='word_1_117' title='bbox 1408 1074 1450 1112; x_wconf 91' lang='lat' dir='ltr'><strong>ut</strong></span> 
     </span>
     <span class='ocr_line' id='line_1_15' title="bbox 105 1143 1455 1199; baseline -0.002 -13"><span class='ocrx_word' id='word_1_118' title='bbox 105 1147 150 1194; x_wconf 78' lang='lat' dir='ltr'><strong>ia,</strong></span> <span class='ocrx_word' id='word_1_119' title='bbox 175 1145 241 1199; x_wconf 83' lang='lat' dir='ltr'><strong>qui</strong></span> <span class='ocrx_word' id='word_1_120' title='bbox 268 1144 516 1184; x_wconf 86' lang='lat' dir='ltr'><strong>consiliorum</strong></span> <span class='ocrx_word' id='word_1_121' title='bbox 535 1143 699 1197; x_wconf 81' lang='lat' dir='ltr'><strong>Augusti</strong></span> <span class='ocrx_word' id='word_1_122' title='bbox 727 1148 768 1182; x_wconf 88' lang='lat' dir='ltr'><strong>et</strong></span> <span class='ocrx_word' id='word_1_123' title='bbox 793 1143 921 1182; x_wconf 77' lang='lat' dir='ltr'><strong>socius</strong></span> <span class='ocrx_word' id='word_1_124' title='bbox 948 1148 987 1181; x_wconf 86' lang='lat' dir='ltr'><strong>et</strong></span> <span class='ocrx_word' id='word_1_125' title='bbox 1014 1148 1149 1182; x_wconf 77' lang='lat' dir='ltr'><strong>auctor</strong></span> <span class='ocrx_word' id='word_1_126' title='bbox 1175 1149 1289 1192; x_wconf 84' lang='lat' dir='ltr'><strong>esset,</strong></span> <span class='ocrx_word' id='word_1_127' title='bbox 1317 1143 1455 1183; x_wconf 85' lang='lat' dir='ltr'><strong>eadem</strong></span> 
     </span>
     <span class='ocr_line' id='line_1_16' title="bbox 105 1214 1453 1269; baseline 0 -13"><span class='ocrx_word' id='word_1_128' title='bbox 105 1217 335 1257; x_wconf 77' lang='lat' dir='ltr'><strong>auctoritate</strong></span> <span class='ocrx_word' id='word_1_129' title='bbox 374 1216 489 1255; x_wconf 83' lang='lat' dir='ltr'><strong>etiam</strong></span> <span class='ocrx_word' id='word_1_130' title='bbox 516 1216 554 1254; x_wconf 87' lang='lat' dir='ltr'><strong>in</strong></span> <span class='ocrx_word' id='word_1_131' title='bbox 582 1219 781 1269; x_wconf 76' lang='lat' dir='ltr'><strong>posterum</strong></span> <span class='ocrx_word' id='word_1_132' title='bbox 822 1214 986 1269; x_wconf 82' lang='lat' dir='ltr'><strong>floreret.</strong></span> <span class='ocrx_word' id='word_1_133' title='bbox 1042 1214 1082 1254; x_wconf 91' lang='lat' dir='ltr'><strong>ld</strong></span> <span class='ocrx_word' id='word_1_134' title='bbox 1117 1228 1166 1253; x_wconf 87' lang='lat' dir='ltr'><strong>ex</strong></span> <span class='ocrx_word' id='word_1_135' title='bbox 1196 1216 1289 1269; x_wconf 83' lang='lat' dir='ltr'><strong>ipsis</strong></span> <span class='ocrx_word' id='word_1_136' title='bbox 1316 1215 1453 1256; x_wconf 82' lang='lat' dir='ltr'><strong>Dionis</strong></span> 
     </span>
     <span class='ocr_line' id='line_1_17' title="bbox 106 1270 1455 1341; baseline 0 -15"><span class='ocrx_word' id='word_1_137' title='bbox 106 1287 234 1327; x_wconf 78' lang='lat' dir='ltr'><strong>verbis</strong></span> <span class='ocrx_word' id='word_1_138' title='bbox 261 1286 359 1326; x_wconf 84' lang='lat' dir='ltr'><strong>effici</strong></span> <span class='ocrx_word' id='word_1_139' title='bbox 388 1287 636 1326; x_wconf 75' lang='lat' dir='ltr'><strong>crediderim:</strong></span> <span class='ocrx_word' id='word_1_140' title='bbox 678 1298 768 1325; x_wconf 90' lang='lat' dir='ltr'><strong>nam</strong></span> <span class='ocrx_word' id='word_1_141' title='bbox 796 1270 860 1325; x_wconf 81' lang='lat' dir='ltr'><strong>ubi</strong></span> <span class='ocrx_word' id='word_1_142' title='bbox 888 1285 1046 1339; x_wconf 80' lang='lat' dir='ltr'><strong>exponit</strong></span> <span class='ocrx_word' id='word_1_143' title='bbox 1074 1287 1121 1326; x_wconf 91' lang='lat' dir='ltr'><strong>de</strong></span> <span class='ocrx_word' id='word_1_144' title='bbox 1149 1288 1212 1334; x_wconf 88' lang='lat' dir='ltr'><strong>iis,</strong></span> <span class='ocrx_word' id='word_1_145' title='bbox 1240 1300 1339 1340; x_wconf 84' lang='lat' dir='ltr'><strong>quae</strong></span> <span class='ocrx_word' id='word_1_146' title='bbox 1365 1293 1455 1341; x_wconf 92' lang='lat' dir='ltr'><strong>post</strong></span> 
     </span>
     <span class='ocr_line' id='line_1_18' title="bbox 106 1355 1456 1408; baseline 0 -9"><span class='ocrx_word' id='word_1_147' title='bbox 106 1360 307 1399; x_wconf 79' lang='lat' dir='ltr'><strong>Actiacam</strong></span> <span class='ocrx_word' id='word_1_148' title='bbox 331 1359 532 1401; x_wconf 81' lang='lat' dir='ltr'><strong>victoriam</strong></span> <span class='ocrx_word' id='word_1_149' title='bbox 560 1363 771 1398; x_wconf 86' lang='lat' dir='ltr'><strong>evenerunt</strong></span> <span class='ocrx_word' id='word_1_150' title='bbox 798 1355 872 1408; x_wconf 87' lang='lat' dir='ltr'><strong>(Ll.</strong></span> <span class='ocrx_word' id='word_1_151' title='bbox 888 1357 941 1408; x_wconf 87' lang='lat'><strong>3),</strong></span> <span class='ocrx_word' id='word_1_152' title='bbox 967 1358 1032 1396; x_wconf 87' lang='lat' dir='ltr'><strong>vix</strong></span> <span class='ocrx_word' id='word_1_153' title='bbox 1059 1357 1229 1406; x_wconf 81' lang='lat' dir='ltr'><strong>dixisset,</strong></span> <span class='ocrx_word' id='word_1_154' title='bbox 1257 1358 1362 1398; x_wconf 89' lang='lat' dir='ltr'><strong>urbis</strong></span> <span class='ocrx_word' id='word_1_155' title='bbox 1380 1358 1456 1399; x_wconf 82' lang='lat' dir='ltr'><strong>Ita·</strong></span> 
     </span>
     <span class='ocr_line' id='line_1_19' title="bbox 104 1429 1458 1485; baseline 0.001 -14"><span class='ocrx_word' id='word_1_156' title='bbox 104 1431 257 1485; x_wconf 87' lang='lat' dir='ltr'><strong>liaeque</strong></span> <span class='ocrx_word' id='word_1_157' title='bbox 296 1444 428 1470; x_wconf 82' lang='lat' dir='ltr'><strong>curam</strong></span> <span class='ocrx_word' id='word_1_158' title='bbox 467 1431 713 1469; x_wconf 84' lang='lat' dir='ltr'><strong>etiamtum</strong></span> <span class='ocrx_word' id='word_1_159' title='bbox 747 1442 869 1484; x_wconf 76' lang='lat' dir='ltr'><strong>penes</strong></span> <span class='ocrx_word' id='word_1_160' title='bbox 906 1429 1172 1470; x_wconf 85' lang='lat' dir='ltr'><strong>Maecenatem</strong></span> <span class='ocrx_word' id='word_1_161' title='bbox 1214 1431 1458 1482; x_wconf 64' lang='lat' dir='ltr'><strong>fuisse-(xm)</strong></span> 
     </span>
     <span class='ocr_line' id='line_1_20' title="bbox 106 1500 1457 1557; baseline -0.001 -14"><span class='ocrx_word' id='word_1_162' title='bbox 106 1500 565 1557; x_wconf 75' lang='grc' dir='ltr'><strong>τότε-προσετέτακτο),</strong></span> <span class='ocrx_word' id='word_1_163' title='bbox 606 1501 678 1541; x_wconf 83' lang='lat' dir='ltr'><strong>nisi</strong></span> <span class='ocrx_word' id='word_1_164' title='bbox 705 1500 918 1556; x_wconf 81' lang='lat' dir='ltr'><strong>significare</strong></span> <span class='ocrx_word' id='word_1_165' title='bbox 953 1501 1157 1548; x_wconf 85' lang='lat' dir='ltr'><strong>voluisset,</strong></span> <span class='ocrx_word' id='word_1_166' title='bbox 1196 1501 1299 1542; x_wconf 90' lang='lat' dir='ltr'><strong>hunc</strong></span> <span class='ocrx_word' id='word_1_167' title='bbox 1327 1513 1457 1542; x_wconf 85' lang='lat' dir='ltr'><strong>rerum</strong></span> 
     </span>
     <span class='ocr_line' id='line_1_21' title="bbox 108 1572 1458 1628; baseline 0.001 -15"><span class='ocrx_word' id='word_1_168' title='bbox 108 1580 251 1613; x_wconf 72' lang='lat' dir='ltr'><strong>statum</strong></span> <span class='ocrx_word' id='word_1_169' title='bbox 276 1573 408 1628; x_wconf 84' lang='lat' dir='ltr'><strong>paullo</strong></span> <span class='ocrx_word' id='word_1_170' title='bbox 434 1579 524 1628; x_wconf 87' lang='lat' dir='ltr'><strong>post</strong></span> <span class='ocrx_word' id='word_1_171' title='bbox 550 1575 793 1613; x_wconf 83' lang='lat' dir='ltr'><strong>immutatum</strong></span> <span class='ocrx_word' id='word_1_172' title='bbox 820 1584 918 1613; x_wconf 81' lang='lat' dir='ltr'><strong>esse.</strong></span> <span class='ocrx_word' id='word_1_173' title='bbox 960 1572 1051 1612; x_wconf 89' lang='lat' dir='ltr'><strong>Plus</strong></span> <span class='ocrx_word' id='word_1_174' title='bbox 1081 1575 1193 1613; x_wconf 84' lang='lat' dir='ltr'><strong>etiam</strong></span> <span class='ocrx_word' id='word_1_175' title='bbox 1228 1575 1298 1627; x_wconf 79' lang='lat' dir='ltr'><strong>ipsi</strong></span> <span class='ocrx_word' id='word_1_176' title='bbox 1327 1585 1458 1615; x_wconf 85' lang='lat' dir='ltr'><strong>rerum</strong></span> 
     </span>
     <span class='ocr_line' id='line_1_22' title="bbox 107 1641 1456 1706; baseline -0.001 -21"><span class='ocrx_word' id='word_1_177' title='bbox 107 1651 269 1685; x_wconf 75' lang='lat' dir='ltr'><strong>naturae</strong></span> <span class='ocrx_word' id='word_1_178' title='bbox 295 1645 513 1684; x_wconf 85' lang='lat' dir='ltr'><strong>tribuerim:</strong></span> <span class='ocrx_word' id='word_1_179' title='bbox 558 1645 642 1699; x_wconf 77' lang='lat' dir='ltr'><strong>quis</strong></span> <span class='ocrx_word' id='word_1_180' title='bbox 670 1645 771 1684; x_wconf 86' lang='lat' dir='ltr'><strong>enim</strong></span> <span class='ocrx_word' id='word_1_181' title='bbox 797 1644 887 1706; x_wconf 41' lang='lat' dir='ltr'><strong>sibi·</strong></span> <span class='ocrx_word' id='word_1_182' title='bbox 902 1641 1154 1699; x_wconf 78' lang='lat' dir='ltr'><strong>persuaserit,</strong></span> <span class='ocrx_word' id='word_1_183' title='bbox 1188 1643 1456 1693; x_wconf 79' lang='lat' dir='ltr'><strong>Octavianum,</strong></span> 
     </span>
     <span class='ocr_line' id='line_1_23' title="bbox 108 1716 1458 1771; baseline 0.001 -15"><span class='ocrx_word' id='word_1_184' title='bbox 108 1731 228 1771; x_wconf 89' lang='lat' dir='ltr'><strong>quum</strong></span> <span class='ocrx_word' id='word_1_185' title='bbox 256 1717 378 1756; x_wconf 75' lang='lat' dir='ltr'><strong>seme}</strong></span> <span class='ocrx_word' id='word_1_186' title='bbox 418 1729 548 1756; x_wconf 83' lang='lat' dir='ltr'><strong>rerum</strong></span> <span class='ocrx_word' id='word_1_187' title='bbox 588 1718 731 1771; x_wconf 85' lang='lat' dir='ltr'><strong>potitus</strong></span> <span class='ocrx_word' id='word_1_188' title='bbox 772 1723 876 1756; x_wconf 71' lang='lat' dir='ltr'><strong>esset</strong></span> <span class='ocrx_word' id='word_1_189' title='bbox 903 1721 942 1756; x_wconf 90' lang='lat' dir='ltr'><strong>et</strong></span> <span class='ocrx_word' id='word_1_190' title='bbox 969 1716 1247 1770; x_wconf 86' lang='lat' dir='ltr'><strong>rempublicam</strong></span> <span class='ocrx_word' id='word_1_191' title='bbox 1281 1717 1458 1757; x_wconf 79' lang='lat' dir='ltr'><strong>ordinare</strong></span> 
     </span>
     <span class='ocr_line' id='line_1_24' title="bbox 107 1788 1457 1842; baseline 0.001 -15"><span class='ocrx_word' id='word_1_192' title='bbox 107 1789 295 1842; x_wconf 65' lang='lat' dir='ltr'><strong>novisque</strong></span> <span class='ocrx_word' id='word_1_193' title='bbox 317 1788 496 1828; x_wconf 78' lang='lat' dir='ltr'><strong>institutis</strong></span> <span class='ocrx_word' id='word_1_194' title='bbox 523 1793 741 1842; x_wconf 81' lang='lat' dir='ltr'><strong>temperare</strong></span> <span class='ocrx_word' id='word_1_195' title='bbox 768 1789 971 1842; x_wconf 80' lang='lat' dir='ltr'><strong>coepisset,</strong></span> <span class='ocrx_word' id='word_1_196' title='bbox 998 1788 1063 1828; x_wconf 87' lang='lat' dir='ltr'><strong>diu</strong></span> <span class='ocrx_word' id='word_1_197' title='bbox 1090 1788 1277 1828; x_wconf 84' lang='lat' dir='ltr'><strong>eiusmodi</strong></span> <span class='ocrx_word' id='word_1_198' title='bbox 1304 1788 1457 1842; x_wconf 79' lang='lat' dir='ltr'><strong>partici-</strong></span> 
     </span>
     <span class='ocr_line' id='line_1_25' title="bbox 108 1859 1457 1915; baseline -0.001 -16"><span class='ocrx_word' id='word_1_199' title='bbox 108 1874 198 1915; x_wconf 82' lang='lat' dir='ltr'><strong>pem</strong></span> <span class='ocrx_word' id='word_1_200' title='bbox 233 1866 272 1899; x_wconf 93' lang='lat' dir='ltr'><strong>et</strong></span> <span class='ocrx_word' id='word_1_201' title='bbox 305 1872 432 1915; x_wconf 86' lang='lat' dir='ltr'><strong>paene</strong></span> <span class='ocrx_word' id='word_1_202' title='bbox 471 1859 663 1914; x_wconf 84' lang='lat' dir='ltr'><strong>collegam</strong></span> <span class='ocrx_word' id='word_1_203' title='bbox 686 1860 835 1914; x_wconf 81' lang='lat' dir='ltr'><strong>imperii</strong></span> <span class='ocrx_word' id='word_1_204' title='bbox 870 1865 936 1899; x_wconf 89' lang='lat' dir='ltr'><strong>aut</strong></span> <span class='ocrx_word' id='word_1_205' title='bbox 962 1861 1062 1899; x_wconf 76' lang='lat' dir='ltr'><strong>ferre</strong></span> <span class='ocrx_word' id='word_1_206' title='bbox 1089 1865 1155 1899; x_wconf 88' lang='lat' dir='ltr'><strong>aut</strong></span> <span class='ocrx_word' id='word_1_207' title='bbox 1188 1865 1294 1899; x_wconf 89' lang='lat' dir='ltr'><strong>certe</strong></span> <span class='ocrx_word' id='word_1_208' title='bbox 1328 1859 1457 1913; x_wconf 73' lang='lat' dir='ltr'><strong>palam</strong></span> 
     </span>
     <span class='ocr_line' id='line_1_26' title="bbox 109 1930 1457 1986; baseline -0.001 -14"><span class='ocrx_word' id='word_1_209' title='bbox 109 1932 311 1972; x_wconf 78' lang='lat' dir='ltr'><strong>ostendere</strong></span> <span class='ocrx_word' id='word_1_210' title='bbox 351 1930 553 1985; x_wconf 77' lang='lat' dir='ltr'><strong>potuisse?</strong></span> <span class='ocrx_word' id='word_1_211' title='bbox 604 1932 706 1982; x_wconf 81' lang='lat' dir='ltr'><strong>Quid</strong></span> <span class='ocrx_word' id='word_1_212' title='bbox 748 1932 852 1985; x_wconf 86' lang='lat' dir='ltr'><strong>quod</strong></span> <span class='ocrx_word' id='word_1_213' title='bbox 890 1934 973 1986; x_wconf 84' lang='lat' dir='ltr'><strong>ipsa</strong></span> <span class='ocrx_word' id='word_1_214' title='bbox 1012 1932 1254 1985; x_wconf 82' lang='lat' dir='ltr'><strong>praefectura</strong></span> <span class='ocrx_word' id='word_1_215' title='bbox 1299 1930 1457 1979; x_wconf 74' lang='lat' dir='ltr'><strong>urbana,</strong></span> 
     </span>
     <span class='ocr_line' id='line_1_27' title="bbox 109 2002 1459 2057; baseline 0 -15"><span class='ocrx_word' id='word_1_216' title='bbox 109 2016 229 2057; x_wconf 83' lang='lat' dir='ltr'><strong>quam</strong></span> <span class='ocrx_word' id='word_1_217' title='bbox 251 2003 396 2042; x_wconf 78' lang='lat' dir='ltr'><strong>scimus</strong></span> <span class='ocrx_word' id='word_1_218' title='bbox 420 2002 486 2041; x_wconf 88' lang='lat' dir='ltr'><strong>illo</strong></span> <span class='ocrx_word' id='word_1_219' title='bbox 513 2003 593 2041; x_wconf 83' lang='lat' dir='ltr'><strong>fere</strong></span> <span class='ocrx_word' id='word_1_220' title='bbox 629 2008 803 2055; x_wconf 79' lang='lat' dir='ltr'><strong>tempore</strong></span> <span class='ocrx_word' id='word_1_221' title='bbox 829 2004 1058 2041; x_wconf 69' lang='lat' dir='ltr'><strong>institutam‘</strong></span> <span class='ocrx_word' id='word_1_222' title='bbox 1075 2015 1179 2050; x_wconf 83' lang='lat' dir='ltr'><strong>esse,</strong></span> <span class='ocrx_word' id='word_1_223' title='bbox 1221 2016 1272 2042; x_wconf 90' lang='lat' dir='ltr'><strong>ne</strong></span> <span class='ocrx_word' id='word_1_224' title='bbox 1299 2004 1459 2057; x_wconf 80' lang='lat' dir='ltr'><strong>cogitari</strong></span> 
     </span>
     <span class='ocr_line' id='line_1_28' title="bbox 72 2070 1459 2130; baseline -0.001 -16"><span class='ocrx_word' id='word_1_225' title='bbox 72 2079 74 2083; x_wconf 80' lang='grc'>’</span> <span class='ocrx_word' id='word_1_226' title='bbox 110 2070 267 2129; x_wconf 58' lang='lat' dir='ltr'><strong>quidem</strong></span> <span class='ocrx_word' id='word_1_227' title='bbox 293 2077 438 2128; x_wconf 78' lang='lat' dir='ltr'><strong>potest,</strong></span> <span class='ocrx_word' id='word_1_228' title='bbox 472 2073 544 2112; x_wconf 75' lang='lat' dir='ltr'><strong>nisi</strong></span> <span class='ocrx_word' id='word_1_229' title='bbox 569 2072 668 2113; x_wconf 77' lang='lat' dir='ltr'><strong>hanc</strong></span> <span class='ocrx_word' id='word_1_230' title='bbox 695 2074 941 2128; x_wconf 82' lang='lat' dir='ltr'><strong>negotiorum</strong></span> <span class='ocrx_word' id='word_1_231' title='bbox 970 2075 1052 2114; x_wconf 84' lang='lat' dir='ltr'><strong>eius</strong></span> <span class='ocrx_word' id='word_1_232' title='bbox 1077 2080 1228 2130; x_wconf 83' lang='lat' dir='ltr'><strong>partem</strong></span> <span class='ocrx_word' id='word_1_233' title='bbox 1256 2088 1279 2114; x_wconf 87' lang='lat' dir='ltr'><strong>a</strong></span> <span class='ocrx_word' id='word_1_234' title='bbox 1306 2074 1459 2119; x_wconf 81' lang='lat' dir='ltr'><strong>Maece·-</strong></span> 
     </span>
     <span class='ocr_line' id='line_1_29' title="bbox 108 2145 1458 2199; baseline 0.001 -15"><span class='ocrx_word' id='word_1_235' title='bbox 108 2151 199 2185; x_wconf 76' lang='lat' dir='ltr'><strong>nate</strong></span> <span class='ocrx_word' id='word_1_236' title='bbox 225 2146 334 2199; x_wconf 74' lang='lat' dir='ltr'><strong>quasi</strong></span> <span class='ocrx_word' id='word_1_237' title='bbox 367 2145 604 2185; x_wconf 80' lang='lat' dir='ltr'><strong>haereditate</strong></span> <span class='ocrx_word' id='word_1_238' title='bbox 631 2146 679 2186; x_wconf 79' lang='lat' dir='ltr'><strong>ad</strong></span> <span class='ocrx_word' id='word_1_239' title='bbox 706 2146 802 2185; x_wconf 79' lang='lat' dir='ltr'><strong>alios</strong></span> <span class='ocrx_word' id='word_1_240' title='bbox 834 2148 1056 2199; x_wconf 80' lang='lat' dir='ltr'><strong>pervenisse</strong></span> <span class='ocrx_word' id='word_1_241' title='bbox 1091 2149 1301 2187; x_wconf 78' lang='lat' dir='ltr'><strong>statuimus.</strong></span> <span class='ocrx_word' id='word_1_242' title='bbox 1357 2146 1458 2186; x_wconf 84' lang='lat' dir='ltr'><strong>Sunt</strong></span> 
     </span>
     <span class='ocr_line' id='line_1_30' title="bbox 109 2215 1459 2272; baseline 0 -15"><span class='ocrx_word' id='word_1_243' title='bbox 109 2216 205 2257; x_wconf 87' lang='lat' dir='ltr'><strong>haec</strong></span> <span class='ocrx_word' id='word_1_244' title='bbox 241 2215 374 2256; x_wconf 81' lang='lat' dir='ltr'><strong>&#39;omnia</strong></span> <span class='ocrx_word' id='word_1_245' title='bbox 413 2221 492 2256; x_wconf 84' lang='lat' dir='ltr'><strong>tam</strong></span> <span class='ocrx_word' id='word_1_246' title='bbox 530 2218 734 2271; x_wconf 75' lang='lat' dir='ltr'><strong>perspicua</strong></span> <span class='ocrx_word' id='word_1_247' title='bbox 770 2218 945 2272; x_wconf 59' lang='lat' dir='ltr'><strong>atque*</strong></span> <span class='ocrx_word' id='word_1_248' title='bbox 969 2223 1069 2258; x_wconf 60' lang='lat' dir='ltr'><strong>tam-</strong></span> <span class='ocrx_word' id='word_1_249' title='bbox 1089 2219 1197 2258; x_wconf 89' lang='lat' dir='ltr'><strong>bonis</strong></span> <span class='ocrx_word' id='word_1_250' title='bbox 1238 2217 1459 2257; x_wconf 82' lang='lat' dir='ltr'><strong>auctoribus</strong></span> 
     </span>
     <span class='ocr_line' id='line_1_31' title="bbox 109 2287 1459 2344; baseline 0.001 -16"><span class='ocrx_word' id='word_1_251' title='bbox 109 2288 347 2334; x_wconf 60' lang='lat' dir='ltr'><strong>confirmata,</strong></span> <span class='ocrx_word' id='word_1_252' title='bbox 374 2293 416 2327; x_wconf 84' lang='lat' dir='ltr'><strong>ut</strong></span> <span class='ocrx_word' id='word_1_253' title='bbox 442 2290 508 2327; x_wconf 82' lang='lat' dir='ltr'><strong>vix</strong></span> <span class='ocrx_word' id='word_1_254' title='bbox 533 2287 778 2343; x_wconf 79' lang='lat' dir='ltr'><strong>intelligatur,</strong></span> <span class='ocrx_word' id='word_1_255' title='bbox 806 2292 871 2344; x_wconf 92' lang='lat' dir='ltr'><strong>qui</strong></span> <span class='ocrx_word' id='word_1_256' title='bbox 899 2296 978 2329; x_wconf 83' lang='lat' dir='ltr'><strong>tam</strong></span> <span class='ocrx_word' id='word_1_257' title='bbox 1007 2289 1114 2329; x_wconf 90' lang='lat' dir='ltr'><strong>multi</strong></span> <span class='ocrx_word' id='word_1_258' title='bbox 1141 2304 1186 2329; x_wconf 84' lang='lat' dir='ltr'><strong>ea</strong></span> <span class='ocrx_word' id='word_1_259' title='bbox 1204 2291 1241 2329; x_wconf 90' lang='lat' dir='ltr'><strong>in</strong></span> <span class='ocrx_word' id='word_1_260' title='bbox 1261 2303 1303 2330; x_wconf 90' lang='lat' dir='ltr'><strong>re·</strong></span> <span class='ocrx_word' id='word_1_261' title='bbox 1331 2301 1459 2330; x_wconf 85' lang='lat' dir='ltr'><strong>errare</strong></span> 
     </span>
     <span class='ocr_line' id='line_1_32' title="bbox 111 2352 1460 2416; baseline -0.001 -15"><span class='ocrx_word' id='word_1_262' title='bbox 111 2360 316 2415; x_wconf 77' lang='lat' dir='ltr'><strong>potuerint.</strong></span> <span class='ocrx_word' id='word_1_263' title='bbox 369 2359 420 2399; x_wconf 87' lang='lat' dir='ltr'><strong>At</strong></span> <span class='ocrx_word' id='word_1_264' title='bbox 445 2360 548 2399; x_wconf 82' lang='lat' dir='ltr'><strong>viam</strong></span> <span class='ocrx_word' id='word_1_265' title='bbox 581 2357 654 2400; x_wconf 76' lang='lat' dir='ltr'><strong>illis</strong></span> <span class='ocrx_word' id='word_1_266' title='bbox 685 2352 1066 2401; x_wconf 47' lang='lat' dir='ltr'><strong>&amp;inivit-Velleius:</strong></span> <span class='ocrx_word' id='word_1_267' title='bbox 1108 2361 1172 2414; x_wconf 91' lang='lat' dir='ltr'><strong>qui</strong></span> <span class='ocrx_word' id='word_1_268' title='bbox 1210 2370 1331 2416; x_wconf 86' lang='lat' dir='ltr'><strong>quum</strong></span> <span class='ocrx_word' id='word_1_269' title='bbox 1371 2362 1460 2401; x_wconf 89' lang='lat' dir='ltr'><strong>dicit</strong></span> 
     </span>
     <span class='ocr_line' id='line_1_33' title="bbox 110 2431 1458 2488; baseline 0.003 -18"><span class='ocrx_word' id='word_1_270' title='bbox 110 2431 152 2469; x_wconf 87' lang='grc' dir='ltr'><strong>Π.</strong></span> <span class='ocrx_word' id='word_1_271' title='bbox 177 2434 242 2480; x_wconf 83' lang='grc'><strong>88,</strong></span> <span class='ocrx_word' id='word_1_272' title='bbox 270 2433 428 2472; x_wconf 77' lang='lat' dir='ltr'><strong>Actiaco</strong></span> <span class='ocrx_word' id='word_1_273' title='bbox 457 2432 557 2472; x_wconf 80' lang='lat' dir='ltr'><strong>bello</strong></span> <span class='ocrx_word' id='word_1_274' title='bbox 586 2432 691 2472; x_wconf 82' lang='lat' dir='ltr'><strong>finito</strong></span> <span class='ocrx_word' id='word_1_275' title='bbox 718 2433 983 2474; x_wconf 77' lang='lat' dir='ltr'><strong>Maecenatem</strong></span> <span class='ocrx_word' id='word_1_276' title='bbox 1010 2433 1114 2474; x_wconf 83' lang='lat' dir='ltr'><strong>urbis</strong></span> <span class='ocrx_word' id='word_1_277' title='bbox 1136 2435 1320 2475; x_wconf 87' lang='lat' dir='ltr'><strong>custodiis</strong></span> <span class='ocrx_word' id='word_1_278' title='bbox 1347 2444 1458 2488; x_wconf 82' lang='lat' dir='ltr'><strong>prae-</strong></span> 
     </span>
     <span class='ocr_line' id='line_1_34' title="bbox 111 2503 1458 2560; baseline 0.001 -17"><span class='ocrx_word' id='word_1_279' title='bbox 111 2504 281 2557; x_wconf 69' lang='lat' dir='ltr'><strong>positum</strong></span> <span class='ocrx_word' id='word_1_280' title='bbox 300 2518 397 2555; x_wconf 67' lang='lat' dir='ltr'><strong>esse,</strong></span> <span class='ocrx_word' id='word_1_281' title='bbox 425 2505 514 2560; x_wconf 87' lang='lat' dir='ltr'><strong>quin</strong></span> <span class='ocrx_word' id='word_1_282' title='bbox 533 2503 641 2546; x_wconf 71' lang='lat' dir='ltr'><strong>urbis</strong></span> <span class='ocrx_word' id='word_1_283' title='bbox 657 2505 950 2560; x_wconf 74' lang='lat' dir='ltr'><strong>praefecturam,</strong></span> <span class='ocrx_word' id='word_1_284' title='bbox 974 2504 1042 2545; x_wconf 89' lang='lat' dir='ltr'><strong>illo</strong></span> <span class='ocrx_word' id='word_1_285' title='bbox 1062 2511 1220 2546; x_wconf 84' lang='lat' dir='ltr'><strong>auctore</strong></span> <span class='ocrx_word' id='word_1_286' title='bbox 1238 2506 1458 2555; x_wconf 85' lang='lat' dir='ltr'><strong>institutam,</strong></span> 
     </span>
    </p>
   </div>
  </div>
 </body>
</html>
