1669 2839
808 84 905 130 ’104

191 197 261 238 nisi
288 209 359 236 suo
386 197 506 237 iussui
533 183 879 251 obtemperassent,
904 201 1149 253 testamento
1183 195 1361 236 adderet-z
1395 200 1439 236 at
1456 195 1527 236 hic

192 282 348 323 quoque
375 270 547 327 insanum
575 267 769 309 hominem
797 270 1032 323 prudentem.
1051 269 1151 309 facita
1191 267 1395 307 Diversam
1412 268 1526 308 ratio-

190 355 281 381 nem
321 342 491 394 sequitur
519 339 702 390 Orellius,
741 342 848 382 cuius
875 341 1070 382 adnotatio
1112 340 1213 381 haec·
1235 345 1313 379 est:
1339 340 1528 393 ⁴‘vidisseJ

191 411 409 452 Staberium
435 411 510 451 hoc
531 413 568 451 in
590 417 827 456 testamento,
845 414 1021 454 statuisse
1044 395 1256 452 creddnon
1276 417 1432 460 temere,
1459 411 1528 452 sed

191 485 400 539 prudenter
427 490 541 539 atque
569 485 756 533 consulto,
794 486 953 540 utquid
980 485 1027 525 de
1054 484 1203 531 divitiis,
1231 483 1430 525 bonorum.
1444 484 1528 532 fine,

189 556 240 597 in.
256 556 333 595 vita
360 557 554 604 sensisset,
581 556 696 596 etiam
728 558 939 612 posteritati
966 556 1177 598 declararet
1204 560 1252 603 et,
1271 561 1322 595 -ut
1349 556 1530 611 opinaba-

191 633 263 675 tur,
291 633 448 682 propter
476 629 623 667 divitias
648 630 904 669 immortalem
931 629 1094 684 gloriam
1114 628 1183 668 sibi
1207 628 1379 682 pararet.'
1428 627 1531 668 Vera

190 699 287 741 haec
314 705 413 748 sunt,
441 700 510 740 sed
527 701 579 741 ita
607 714 709 749 vera,
735 705 843 741 utne
869 701 942 742 dici
968 701 1123 756 quidem
1151 699 1361 741 debuerint.
1400 698 1530 755 Inepte

191 774 366 826 profecto
406 773 567 812 fecisset
598 773 689 812 sive-
713 772 894 813 Horatius
932 773 1013 812 sive
1039 771 1317 826 Damasippus,
1357 773 1390 811 si
1416 785 1462 811 ea
1488 786 1535 812 se·

193 845 392 886 credere
420 844 588 892 dixisset,
616 859 715 898 quae
733 850 882 900 poterat
910 850 1014 886 certo
1034 845 1149 887 scire:
1177 845 1268 900 quid
1294 845 1395 884 enim
1419 843 1530 893 aliud,

191 918 264 957 nisi
289 921 533 971 posterorum
574 916 880 965 admirationem,
922 922 1079 972 captare
1102 918 1225 972 possit
1251 930 1389 956 avarus
1416 922 1531 971 atque

192 988 380 1029 absurdus
406 989 541 1036 homo,
578 989 643 1042 qui
671 1003 860 1030 summam
894 991 1080 1044 pecuniae
1107 1004 1129 1033 a
1156 1004 1199 1030 se
1224 989 1532 1030 relictaezinse-

192 1060 326 1115 pulcro
365 1060 480 1101 incidi
515 1059 638 1108 iubet,
681 1062 858 1116 equidem
884 1076 961 1102 non
997 1074 1192 1116 assequor.
1215 1114 1226 1123 s
1245 1059 1390 1101 Rectae
1416 1062 1532 1103 inter-

192 1134 415 1189 pretationis
442 1134 586 1175 semina
613 1134 740 1174 insunt
756 1135 794 1174 in
817 1135 1017 1176 Wielandii
1039 1141 1077 1176 et
1095 1133 1305 1175 Heindorfii
1325 1136 1531 1184 sententiss,

193 1206 262 1246 sed
290 1206 338 1246 ad
357 1205 578 1246 Stoicorum
603 1211 808 1260 praecepta
835 1207 1116 1261 respiciendum
1144 1211 1235 1254 erat,
1261 1193 1338 1246 non
1356 1208 1532 1248 universe

194 1278 476 1334 disputandum.
520 1278 595 1330 Qui
624 1293 742 1333 quum
762 1277 913 1326 beatam
929 1280 1049 1320 vitam
1069 1278 1150 1319 sola
1177 1279 1325 1320 virtute
1348 1267 1533 1321 contineri

193 1365 421 1406 persuasum
450 1350 650 1399 haberent,
686 1356 729 1390 ut
755 1350 954 1405 vulgarem
981 1365 1199 1392 sermonem
1227 1352 1533 1402 contemnebant,

194 1423 247 1462 ita
274 1423 389 1463 etiam
413 1422 519 1478 vulgi
547 1423 744 1478 opiniones
763 1428 801 1462 et
818 1422 955 1462 iudicia
980 1423 1032 1462 ita
1059 1423 1315 1479 negligebant,
1342 1429 1385 1463 ut
1411 1409 1532 1465 solam

195 1496 377 1534 virtutem
405 1496 721 1550 amplectendam,
750 1495 798 1534 de
823 1495 976 1534 infamia
1004 1499 1044 1534 et'
1071 1497 1312 1551 turpitudinis
1338 1498 1467 1551 specie
1484 1511 1533 1537 ne

179 1567 442 1622 ,cogitandum
469 1568 622 1622 quidem
649 1571 735 1606 esse
762 1566 993 1607 dictitarent:
1022 1568 1086 1622 qui
1113 1570 1214 1609 enim
1241 1570 1421 1624 sapientis
1448 1583 1534 1610 esse
1603 1589 1608 1593 ·

194 1640 290 1682 dixit
315 1639 423 1693 ‘nihil
456 1646 589 1680 contra
616 1653 761 1687 mores,
801 1639 926 1694 legeS,
965 1640 1135 1681 instituta
1163 1642 1366 1681 facientem
1392 1641 1534 1682 habere

193 1713 380 1753 rationem
393 1712 448 1751 rei
462 1711 678 1758 familiaris'‚
700 1710 848 1751 Hecato
864 1710 1036 1751 Rhodius
1056 1711 1154 1763 (Cic.
1170 1713 1292 1753 deoff.
1308 1712 1364 1753 111.
1382 1714 1439 1754 15.
1454 1714 1533 1765 63),

193 1787 394 1827 remiserat
414 1784 649 1839 aliquantum
676 1783 723 1824 de
745 1785 910 1839 genuina
937 1790 1067 1824 sectae
1089 1786 1304 1839 severitate.
1344 1786 1400 1827 lta
1414 1801 1533 1842 quum

193 1859 420 1906 iudicarent,
465 1870 646 1913 magnam
687 1856 735 1896 ab
774 1857 819 1896 iis
853 1856 1076 1912 prudentiae
1121 1856 1275 1898 laudem
1305 1864 1533 1913 ‘reportasse

194 1937 495 1973 consentaneum
531 1935 590 1969 est
627 1943 733 1978 eum,
774 1929 840 1983 qui
867 1928 1195 1971 Herculanensem
1233 1931 1342 1971 illum
1381 1931 1532 1972 titulum

194 2003 357 2058 scripsit,
382 2003 547 2057 primum
562 2015 584 2041 a
599 2000 916 2042 winckelmanno
933 2001 1077 2043 editum
1105 2006 1207 2057 (opp.
1224 2002 1282 2043 ed.
1298 2001 1477 2044 Eiselein.
1490 2002 1530 2044 II.

192 2091 231 2131 p.
242 2076 330 2126 168)
347 2080 385 2114 et
398 2088 490 2114 mox
501 2080 592 2114 noto
608 2073 807 2114 Wielandii
820 2074 948 2114 libello
963 2075 1220 2115 nobilitatum:
1243 2078 1536 2119 ΛΕΓΟΥΣΙΝ

119 2165 121 2168 ·
193 2151 242 2193 ,Α
271 2150 564 2191 ΘΕΛΟΥΣΙΝ
601 2149 956 2190 ΛΕΓΕΤΩΣΑΝ
999 2152 1058 2190 TI
1094 2151 1254 2191 MEAI
1276 2151 1382 2192 ΣΟΙ.
1446 2147 1533 2191 Nec

195 2223 314 2263 multo
343 2223 529 2262 minorem
555 2221 707 2261 laudem
736 2222 938 2261 meruisset
964 2221 1173 2270 Staberius,
1202 2223 1232 2261 si
1252 2236 1298 2278 eo
1318 2222 1475 2262 consilio
1495 2223 1532 2263 in

195 2296 278 2351 ipso
305 2295 419 2336 etiam
445 2293 622 2350 sepulcro
649 2292 789 2349 aliquid
817 2294 1005 2349 singulare
1034 2293 1146 2336 scribi
1172 2294 1361 2343 iussisset,
1393 2299 1436 2334 ut
1462 2309 1531 2336 sua

197 2383 240 2409 se
276 2367 449 2407 libertate
482 2368 537 2407 uti
571 2368 849 2407 demonstraret
886 2381 1012 2422 neque
1052 2367 1153 2407 velle
1189 2381 1239 2407 ex
1265 2379 1398 2407 eorum
1436 2373 1531 2408 nutu

197 2435 425 2496 suspensum
451 2454 552 2489 esse,
588 2441 652 2495 qui
679 2439 887 2480 alienarum
913 2454 1044 2481 rerum
1070 2440 1198 2494 inepte
1225 2440 1364 2479 curiosi
1392 2446 1529 2482 essent>

197 2515 302 2555 Afuit
327 2525 420 2553 vero
449 2512 496 2552 ab
524 2527 568 2553 ea
594 2513 794 2569 prudentia
819 2512 1059 2569 longissime:
1087 2525 1177 2553 nam
1204 2524 1330 2567 quum>
1348 2512 1531 2567 scriberet
