1669 2839
817 106 849 147 ’6

161 213 318 254 codices
348 212 582 254 Horatianos
602 212 741 253 'seculo
768 209 860 252 XlV
880 216 920 250 et
952 208 1028 251 XV
1056 211 1220 266 scriptos
1248 212 1510 268 cognoverint,

161 284 263 323 Sunt
291 285 393 324 enim
420 286 458 325 in
485 286 637 324 novitiis
669 284 751 323 istis
774 282 889 321 libris
922 282 1225 336 interpolationis
1260 284 1373 337 plane
1399 285 1510 323 innu-

162 368 269 395 mera
296 356 469 410 vestigia,
503 369 623 409 quum
648 353 824 393 librarios
850 353 942 393 nihil
968 354 1159 407 antiquius
1185 353 1365 394 habuisse
1391 369 1511 409 appa-

162 431 257 474 reat,
284 440 399 479 quam
427 431 469 464 ut
487 439 544 472 ea,
572 438 671 478 quae
697 425 768 478 ipsi
796 423 1018 471 scriberent,
1048 430 1087 462 et
1105 439 1220 478 quam
1249 425 1425 464 facillima
1453 426 1511 464 in·

163 496 318 536 tellectu
338 501 377 536 et
396 510 513 550 quam
542 496 826 551 elegantissima
847 494 1077 535 viderentur.
1120 496 1223 535 Artis
1243 502 1370 537 autem
1391 511 1509 550 quum

161 579 297 619 parum
317 568 425 621 gnari
445 573 584 614 essent,
612 572 790 607 neutrum
810 571 915 605 recte
936 565 1120 619 perficere
1141 571 1366 620 potuerunt:
1394 580 1510 621 saepe

163 639 265 678 enim
292 641 418 679 minus
446 639 568 678 obviis
602 639 774 694 vulgaria
807 643 953 678 temere
980 636 1279 687 substituerunt3
1317 653 1435 693 saepe
1463 653 1508 678 ea

163 709 369 757 vocabula,
397 723 497 763 quae
524 711 562 748 in
591 710 729 749 eodem
749 724 865 748 versu
884 710 1007 763 posita
1036 709 1297 757 inveniebant,
1324 711 1393 757 ita,
1421 710 1509 749 ulti-

161 782 233 820 mis
250 782 493 835 potissimum
521 780 677 834 syllabis
697 781 862 828 mutatis,
880 781 978 820 inter
992 794 1034 819 se
1054 781 1345 829 coniunxerunt,
1373 787 1415 822 ut
1441 796 1509 821 va-

160 866 248 891 nam
268 853 462 905 quandam
480 857 610 891 rectae
630 853 925 891 constructionis
957 852 1126 904 speciem
1158 858 1366 905 captarent,
1393 866 1508 892 verae

158 924 333 976 syntaxis
347 929 413 963 aut
423 937 560 978 parum
576 923 683 977 periti
703 929 770 962 aut
794 937 931 977 parum
960 923 1118 972 curiosi3
1144 937 1220 963 non
1239 937 1324 963 raro
1345 924 1508 978 denique

159 1000 307 1048 gratam
341 995 446 1034 illam
478 995 626 1034 Horatii
666 994 867 1033 audaciam
908 998 989 1032 tum
1026 994 1182 1033 demum
1215 1000 1322 1034 recte
1354 994 1507 1033 elucere

161 1072 407 1121 putaverunt,
435 1080 554 1120 quum
582 1065 653 1120 ipsi
682 1079 751 1121 pro
779 1066 891 1106 nimis
918 1064 1186 1106 communibus
1214 1079 1258 1106 ea
1278 1066 1508 1121 posuissent,

159 1152 261 1191 quae
289 1139 543 1178 reconditiora
573 1143 611 1176 et
630 1143 744 1191 poeta
773 1138 946 1191 digniora
972 1136 1201 1177 iudicabant.
1255 1136 1507 1177 Eandem-a-

157 1209 303 1248 tionem
322 1210 354 1248 si
372 1209 584 1248 Mavortius
613 1213 768 1247 secutus
797 1213 911 1256 esset,
938 1212 1099 1261 quotum
1127 1208 1308 1261 quodque
1336 1208 1506 1247 vocabu-

154 1278 236 1316 lum
265 1283 347 1318 tuto
375 1279 628 1318 Horatianum
657 1279 729 1318 dici
764 1279 922 1333 posset?
974 1279 1045 1318 Est
1079 1284 1223 1326 tamen,
1264 1279 1368 1331 quod
1408 1278 1507 1318 hanc

156 1349 465 1402 desperationem
501 1351 650 1404 mitiget
683 1355 799 1403 atque
832 1350 958 1389 leniat.
1013 1348 1281 1389 Nobilissiinos
1309 1351 1408 1389 enim
1436 1349 1521 1389 ho-'

154 1421 294 1468 mines,
333 1434 431 1474 quos
465 1422 608 1461 scimus
636 1422 673 1461 in
702 1420 900 1461 codicibus
929 1420 1179 1459 emendandis
1205 1426 1380 1461 versatos
1408 1435 1505 1469 esse,

155 1504 232 1529 non
260 1496 354 1544 puto
384 1506 469 1530 eam
488 1492 644 1531 laudem
664 1492 913 1545 quaesivisse,
942 1496 983 1530 ut
1003 1492 1101 1530 inter
1120 1494 1394 1545 grammaticae
1413 1494 1505 1532 artis

153 1562 346 1615 principes
375 1563 619 1611 referrentur,
647 1564 749 1617 iique
775 1562 871 1609 libri,
900 1575 998 1615 quos
1025 1562 1097 1616 ipsi
1125 1564 1393 1611 correxissent,
1433 1578 1505 1617 pu-

151 1632 291 1673 blicam
308 1634 415 1687 quasi
428 1635 622 1687 quandam
650 1634 917 1674 auctoritatem
937 1634 1266 1673 nanciscerentur:
1295 1636 1505 1689 prospicie-

152 1703 245 1743 bant
269 1704 321 1743 illi
344 1704 495 1745 sibimet
521 1706 614 1760 ipsis
642 1706 799 1758 suisque
825 1705 957 1745 amicis
984 1719 1108 1758 aeque
1133 1705 1331 1746 literarum
1358 1708 1503 1747 studio-
1527 1734 1529 1736 -

151 1775 215 1814 sis.
271 1775 386 1826 Quod
414 1777 445 1817 si
473 1778 553 1832 qui·
572 1777 735 1817 aliorum
769 1790 885 1831 opera
914 1776 961 1817 ad
991 1776 1238 1831 corrigendos
1273 1777 1391 1817 libros
1417 1782 1502 1818 ute-

150 1845 300 1893 bantur,
329 1860 377 1885 ne
396 1846 448 1885 illi
467 1847 620 1899 quidem
641 1847 835 1901 publicam
861 1848 1017 1887 laudem
1045 1862 1194 1887 merere
1212 1848 1405 1896 volebant,
1434 1849 1502 1888 sed

148 1930 241 1955 suos
269 1916 484 1964 thesauros,
512 1930 629 1970 quam
649 1920 816 1957 maxime
844 1924 1014 1972 possent,
1042 1933 1197 1973 augere,
1225 1920 1334 1959 cuius
1361 1920 1418 1959 rei
1443 1920 1501 1959 in-

149 1988 259 2042 signe
286 1988 510 2040 exemplum
539 1988 784 2028 Victorianus
810 1989 875 2028 ille
902 1990 1138 2043 suppeditat,
1172 1991 1236 2043 qui
1264 1990 1500 2044 primamT.

146 2056 245 2098 Livii
262 2057 309 2098 ab
328 2058 423 2099 urbe
438 2059 590 2099 condita
608 2060 794 2100 decadem
813 2061 974 2113 ‘domnis
988 2060 1244 2115 Symmachis'
1263 2076 1285 2101 a
1304 2077 1346 2103 se
1369 2077 1501 2103 emen-

148 2130 276 2169 datam
312 2144 397 2169 esse
426 2132 525 2170 notis
557 2131 632 2170 illis
666 2131 1008 2185 subscriptionibus
1041 2134 1199 2171 monuit.
1254 2134 1499 2188 Quamquam

148 2200 262 2253 igitur
289 2214 480 2254 perquam
507 2201 690 2241 credibile
720 2208 795 2250 est,
835 2202 1023 2242 eiusmodi
1057 2202 1242 2242 nobilium
1271 2204 1498 2244 familiarum

148 2271 359 2312 domestica
379 2272 628 2326 exemplaria,
656 2278 698 2311 ut
718 2287 817 2327 quae
837 2280 1015 2313 accurate
1035 2275 1231 2329 recognita
1252 2281 1380 2315 essent
1397 2277 1499 2330 ipsa—

148 2355 224 2395 que
252 2349 454 2384 auctorum
481 2344 680 2383 nobilitate
708 2346 1081 2393 commendarentur,
1115 2346 1210 2386 alios
1237 2349 1351 2387 etiam
1378 2362 1498 2402 expe-

146 2413 279 2453 tivisse
306 2427 351 2453 ac
378 2415 644 2470 descripsisse:
679 2415 754 2455 hoc
793 2421 919 2456 tamen
954 2430 1071 2471 aegre
1105 2416 1195 2457 mihi
1229 2420 1496 2473 persuaserim,

146 2484 269 2524 semel
298 2486 484 2526 eiusmodi
513 2489 737 2527 recensione
766 2489 885 2534 facta,
928 2488 1073 2541 reliqua
1109 2492 1340 2544 exemplaria
1370 2492 1497 2532 omnia
