<?xml version="1.0" encoding="UTF-8"?>
<!DOCTYPE html PUBLIC "-//W3C//DTD XHTML 1.0 Transitional//EN"
    "http://www.w3.org/TR/xhtml1/DTD/xhtml1-transitional.dtd">
<html xmlns="http://www.w3.org/1999/xhtml" xml:lang="en" lang="en">
 <head>
  <title>
</title>
<meta http-equiv="Content-Type" content="text/html;charset=utf-8" />
  <meta name='ocr-system' content='tesseract 3.04.00' />
  <meta name='ocr-capabilities' content='ocr_page ocr_carea ocr_par ocr_line ocrx_word'/>
</head>
<body>
  <div class='ocr_page' id='page_1' title='image "./4738087_0068.png"; bbox 0 0 1669 2839; ppageno 0'>
   <div class='ocr_carea' id='block_1_1' title="bbox 781 101 857 145">
    <p class='ocr_par' dir='ltr' id='par_1_1' title="bbox 781 101 857 145">
     <span class='ocr_line' id='line_1_1' title="bbox 781 101 857 145; baseline 0 0"><span class='ocrx_word' id='word_1_1' title='bbox 781 101 857 145; x_wconf 67' lang='lat'><strong>”57</strong></span> 
     </span>
    </p>
   </div>
   <div class='ocr_carea' id='block_1_2' title="bbox 132 210 1511 2582">
    <p class='ocr_par' dir='ltr' id='par_1_2' title="bbox 144 210 1498 829">
     <span class='ocr_line' id='line_1_2' title="bbox 150 210 1497 270; baseline 0 -16"><span class='ocrx_word' id='word_1_2' title='bbox 150 214 420 257; x_wconf 70' lang='lat' dir='ltr'><strong>stabiliendam</strong></span> <span class='ocrx_word' id='word_1_3' title='bbox 446 213 580 267; x_wconf 52' lang='lat' dir='ltr'><strong>aihta,</strong></span> <span class='ocrx_word' id='word_1_4' title='bbox 606 213 804 267; x_wconf 71' lang='lat' dir='ltr'>apparebit</span> <span class='ocrx_word' id='word_1_5' title='bbox 831 218 975 260; x_wconf 86' lang='lat' dir='ltr'><strong>tamen,</strong></span> <span class='ocrx_word' id='word_1_6' title='bbox 1013 221 1134 266; x_wconf 87' lang='lat' dir='ltr'><strong>quum</strong></span> <span class='ocrx_word' id='word_1_7' title='bbox 1160 210 1377 270; x_wconf 82' lang='lat' dir='ltr'><strong>diligentius</strong></span> <span class='ocrx_word' id='word_1_8' title='bbox 1403 222 1497 254; x_wconf 78' lang='lat' dir='ltr'><strong>exa·</strong></span> 
     </span>
     <span class='ocr_line' id='line_1_3' title="bbox 151 283 1496 339; baseline -0.001 -12"><span class='ocrx_word' id='word_1_9' title='bbox 151 285 416 328; x_wconf 74' lang='lat' dir='ltr'><strong>minabuntur.</strong></span> <span class='ocrx_word' id='word_1_10' title='bbox 444 298 647 339; x_wconf 87' lang='lat' dir='ltr'><strong>perperam</strong></span> <span class='ocrx_word' id='word_1_11' title='bbox 674 285 761 324; x_wconf 89' lang='lat' dir='ltr'><strong>inde</strong></span> <span class='ocrx_word' id='word_1_12' title='bbox 789 284 935 339; x_wconf 66' lang='lat' dir='ltr'><strong>colligi,</strong></span> <span class='ocrx_word' id='word_1_13' title='bbox 962 283 1197 324; x_wconf 86' lang='lat' dir='ltr'><strong>adieetivum</strong></span> <span class='ocrx_word' id='word_1_14' title='bbox 1214 292 1343 329; x_wconf 20' lang='lat' dir='ltr'><strong>*u&#39;nus</strong></span> <span class='ocrx_word' id='word_1_15' title='bbox 1369 286 1496 339; x_wconf 85' lang='lat' dir='ltr'><strong>ipsum</strong></span> 
     </span>
     <span class='ocr_line' id='line_1_4' title="bbox 148 355 1496 412; baseline 0.001 -17"><span class='ocrx_word' id='word_1_16' title='bbox 148 371 224 412; x_wconf 72' lang='lat' dir='ltr'><strong>2pe1·</strong></span> <span class='ocrx_word' id='word_1_17' title='bbox 250 371 292 397; x_wconf 87' lang='lat' dir='ltr'><strong>se</strong></span> <span class='ocrx_word' id='word_1_18' title='bbox 318 357 421 396; x_wconf 90' lang='lat' dir='ltr'><strong>idem</strong></span> <span class='ocrx_word' id='word_1_19' title='bbox 443 370 540 404; x_wconf 91' lang='lat' dir='ltr'><strong>esse,</strong></span> <span class='ocrx_word' id='word_1_20' title='bbox 568 357 669 410; x_wconf 92' lang='lat' dir='ltr'><strong>quod</strong></span> <span class='ocrx_word' id='word_1_21' title='bbox 694 361 858 410; x_wconf 56' lang='lat' dir='ltr'><strong>‘praeter</strong></span> <span class='ocrx_word' id='word_1_22' title='bbox 877 361 1038 403; x_wconf 87' lang='lat' dir='ltr'><strong>ceteros,</strong></span> <span class='ocrx_word' id='word_1_23' title='bbox 1067 355 1203 394; x_wconf 86' lang='lat' dir='ltr'><strong>melius</strong></span> <span class='ocrx_word' id='word_1_24' title='bbox 1225 368 1342 409; x_wconf 88' lang='lat' dir='ltr'><strong>quam</strong></span> <span class='ocrx_word' id='word_1_25' title='bbox 1362 355 1496 409; x_wconf 84' lang='lat' dir='ltr'>reliqui</span> 
     </span>
     <span class='ocr_line' id='line_1_5' title="bbox 147 428 1496 483; baseline -0.001 -14"><span class='ocrx_word' id='word_1_26' title='bbox 147 429 325 471; x_wconf 74' lang='lat' dir='ltr'><strong>vomnes’:</strong></span> <span class='ocrx_word' id='word_1_27' title='bbox 362 430 414 469; x_wconf 88' lang='lat' dir='ltr'><strong>ita</strong></span> <span class='ocrx_word' id='word_1_28' title='bbox 451 429 552 468; x_wconf 88' lang='lat' dir='ltr'><strong>enim</strong></span> <span class='ocrx_word' id='word_1_29' title='bbox 587 429 651 482; x_wconf 92' lang='lat' dir='ltr'><strong>qui</strong></span> <span class='ocrx_word' id='word_1_30' title='bbox 678 433 870 475; x_wconf 83' lang='lat' dir='ltr'><strong>statuunt,</strong></span> <span class='ocrx_word' id='word_1_31' title='bbox 905 429 932 467; x_wconf 89' lang='lat' dir='ltr'><strong>ii</strong></span> <span class='ocrx_word' id='word_1_32' title='bbox 968 442 1054 468; x_wconf 86' lang='lat' dir='ltr'><strong>eam</strong></span> <span class='ocrx_word' id='word_1_33' title='bbox 1088 429 1183 483; x_wconf 35' lang='lat' dir='ltr'><strong>vim&#39;,</strong></span> <span class='ocrx_word' id='word_1_34' title='bbox 1218 441 1320 482; x_wconf 87' lang='lat' dir='ltr'><strong>quae</strong></span> <span class='ocrx_word' id='word_1_35' title='bbox 1352 428 1390 467; x_wconf 90' lang='lat' dir='ltr'><strong>in</strong></span> <span class='ocrx_word' id='word_1_36' title='bbox 1418 433 1496 468; x_wconf 88' lang='lat' dir='ltr'><strong>tota</strong></span> 
     </span>
     <span class='ocr_line' id='line_1_6' title="bbox 147 498 1497 556; baseline 0 -16"><span class='ocrx_word' id='word_1_37' title='bbox 147 500 280 556; x_wconf 77' lang='lat' dir='ltr'><strong>aliqua</strong></span> <span class='ocrx_word' id='word_1_38' title='bbox 308 498 472 539; x_wconf 77' lang='lat' dir='ltr'><strong>formula</strong></span> <span class='ocrx_word' id='word_1_39' title='bbox 504 503 636 556; x_wconf 59' lang='lat' dir='ltr'><strong>totove</strong></span> <span class='ocrx_word' id='word_1_40' title='bbox 671 499 872 538; x_wconf 87' lang='lat' dir='ltr'><strong>enunciato</strong></span> <span class='ocrx_word' id='word_1_41' title='bbox 902 499 1023 551; x_wconf 87' lang='lat' dir='ltr'><strong>inest,</strong></span> <span class='ocrx_word' id='word_1_42' title='bbox 1057 504 1203 542; x_wconf 84' lang='lat' dir='ltr'><strong>temere</strong></span> <span class='ocrx_word' id='word_1_43' title='bbox 1234 500 1273 543; x_wconf 87' lang='lat' dir='ltr'><strong>in</strong></span> <span class='ocrx_word' id='word_1_44' title='bbox 1307 499 1497 540; x_wconf 88' lang='lat' dir='ltr'><strong>adiectivo</strong></span> 
     </span>
     <span class='ocr_line' id='line_1_7' title="bbox 144 570 1494 626; baseline -0.001 -11"><span class='ocrx_word' id='word_1_45' title='bbox 144 574 246 615; x_wconf 31' lang='lat' dir='ltr'><strong>&gt;satis</strong></span> <span class='ocrx_word' id='word_1_46' title='bbox 270 571 431 626; x_wconf 85' lang='lat' dir='ltr'><strong>simplici</strong></span> <span class='ocrx_word' id='word_1_47' title='bbox 449 571 575 611; x_wconf 86' lang='lat' dir='ltr'><strong>inesse</strong></span> <span class='ocrx_word' id='word_1_48' title='bbox 595 576 807 619; x_wconf 79' lang='lat' dir='ltr'>autumant,</span> <span class='ocrx_word' id='word_1_49' title='bbox 833 585 954 625; x_wconf 86' lang='lat' dir='ltr'><strong>quum</strong></span> <span class='ocrx_word' id='word_1_50' title='bbox 983 585 1027 610; x_wconf 89' lang='lat' dir='ltr'><strong>ea</strong></span> <span class='ocrx_word' id='word_1_51' title='bbox 1055 570 1283 625; x_wconf 86' lang='lat' dir='ltr'><strong>plerumque</strong></span> <span class='ocrx_word' id='word_1_52' title='bbox 1310 572 1348 611; x_wconf 92' lang='lat' dir='ltr'><strong>in</strong></span> <span class='ocrx_word' id='word_1_53' title='bbox 1374 572 1494 613; x_wconf 90' lang='lat' dir='ltr'><strong>verbo</strong></span> 
     </span>
     <span class='ocr_line' id='line_1_8' title="bbox 147 641 1497 698; baseline -0.001 -13"><span class='ocrx_word' id='word_1_54' title='bbox 147 646 202 685; x_wconf 76' lang='lat' dir='ltr'><strong>sit</strong></span> <span class='ocrx_word' id='word_1_55' title='bbox 220 644 356 697; x_wconf 84' lang='lat' dir='ltr'><strong>posita.</strong></span> <span class='ocrx_word' id='word_1_56' title='bbox 396 641 512 683; x_wconf 81' lang='lat' dir='ltr'><strong>Valet</strong></span> <span class='ocrx_word' id='word_1_57' title='bbox 537 644 576 683; x_wconf 91' lang='lat' dir='ltr'><strong>in</strong></span> <span class='ocrx_word' id='word_1_58' title='bbox 604 642 781 683; x_wconf 87' lang='lat' dir='ltr'><strong>omnibus</strong></span> <span class='ocrx_word' id='word_1_59' title='bbox 798 642 855 682; x_wconf 89' lang='lat' dir='ltr'><strong>his</strong></span> <span class='ocrx_word' id='word_1_60' title='bbox 873 642 981 691; x_wconf 86' lang='lat' dir='ltr'><strong>locis,</strong></span> <span class='ocrx_word' id='word_1_61' title='bbox 1007 643 1112 697; x_wconf 90' lang='lat' dir='ltr'><strong>quod</strong></span> <span class='ocrx_word' id='word_1_62' title='bbox 1140 657 1255 697; x_wconf 86' lang='lat' dir='ltr'><strong>supra</strong></span> <span class='ocrx_word' id='word_1_63' title='bbox 1284 645 1332 683; x_wconf 91' lang='lat' dir='ltr'><strong>de</strong></span> <span class='ocrx_word' id='word_1_64' title='bbox 1359 657 1497 698; x_wconf 57' lang='lat' dir='ltr'><strong>swer-</strong></span> 
     </span>
     <span class='ocr_line' id='line_1_9' title="bbox 146 714 1498 771; baseline 0 -13"><span class='ocrx_word' id='word_1_65' title='bbox 146 716 269 758; x_wconf 67' lang='lat' dir='ltr'><strong>tativo</strong></span> <span class='ocrx_word' id='word_1_66' title='bbox 298 720 337 755; x_wconf 89' lang='lat' dir='ltr'><strong>et</strong></span> <span class='ocrx_word' id='word_1_67' title='bbox 364 715 626 768; x_wconf 88' lang='lat' dir='ltr'><strong>comparativo</strong></span> <span class='ocrx_word' id='word_1_68' title='bbox 655 715 837 757; x_wconf 82' lang='lat' dir='ltr'><strong>diximus:</strong></span> <span class='ocrx_word' id='word_1_69' title='bbox 866 714 1007 769; x_wconf 89' lang='lat' dir='ltr'><strong>ubique</strong></span> <span class='ocrx_word' id='word_1_70' title='bbox 1034 729 1151 754; x_wconf 81' lang='lat' dir='ltr'><strong>unus</strong></span> <span class='ocrx_word' id='word_1_71' title='bbox 1177 715 1280 756; x_wconf 91' lang='lat' dir='ltr'><strong>idem</strong></span> <span class='ocrx_word' id='word_1_72' title='bbox 1309 722 1369 756; x_wconf 89' lang='lat' dir='ltr'><strong>est</strong></span> <span class='ocrx_word' id='word_1_73' title='bbox 1394 718 1498 771; x_wconf 94' lang='lat' dir='ltr'><strong>quod</strong></span> 
     </span>
     <span class='ocr_line' id='line_1_10' title="bbox 151 787 295 829; baseline -0.014 0"><span class='ocrx_word' id='word_1_74' title='bbox 151 787 295 829; x_wconf 77' lang='lat' dir='ltr'><strong>solus.</strong></span> 
     </span>
    </p>

    <p class='ocr_par' dir='ltr' id='par_1_3' title="bbox 132 859 1511 2582">
     <span class='ocr_line' id='line_1_11' title="bbox 255 859 1498 918; baseline 0.002 -16"><span class='ocrx_word' id='word_1_75' title='bbox 255 859 396 916; x_wconf 87' lang='lat' dir='ltr'><strong>Neque</strong></span> <span class='ocrx_word' id='word_1_76' title='bbox 438 865 515 899; x_wconf 89' lang='lat' dir='ltr'><strong>tam</strong></span> <span class='ocrx_word' id='word_1_77' title='bbox 552 873 670 914; x_wconf 82' lang='lat' dir='ltr'><strong>saepe</strong></span> <span class='ocrx_word' id='word_1_78' title='bbox 703 864 871 899; x_wconf 87' lang='lat' dir='ltr'><strong>erratum</strong></span> <span class='ocrx_word' id='word_1_79' title='bbox 912 864 1014 899; x_wconf 88' lang='lat' dir='ltr'><strong>esset</strong></span> <span class='ocrx_word' id='word_1_80' title='bbox 1049 860 1086 900; x_wconf 91' lang='lat' dir='ltr'><strong>in</strong></span> <span class='ocrx_word' id='word_1_81' title='bbox 1127 874 1243 902; x_wconf 86' lang='lat' dir='ltr'><strong>causa</strong></span> <span class='ocrx_word' id='word_1_82' title='bbox 1285 863 1376 903; x_wconf 88' lang='lat' dir='ltr'><strong>satis</strong></span> <span class='ocrx_word' id='word_1_83' title='bbox 1410 878 1498 918; x_wconf 90' lang='lat' dir='ltr'><strong>per-</strong></span> 
     </span>
     <span class='ocr_line' id='line_1_12' title="bbox 143 932 1497 989; baseline 0.001 -14"><span class='ocrx_word' id='word_1_84' title='bbox 143 934 303 988; x_wconf 75' lang='lat' dir='ltr'><strong>spicua,</strong></span> <span class='ocrx_word' id='word_1_85' title='bbox 330 934 401 972; x_wconf 88' lang='lat' dir='ltr'><strong>nisi</strong></span> <span class='ocrx_word' id='word_1_86' title='bbox 422 932 529 972; x_wconf 81' lang='lat' dir='ltr'><strong>duae</strong></span> <span class='ocrx_word' id='word_1_87' title='bbox 557 933 798 986; x_wconf 88' lang='lat' dir='ltr'><strong>potissimum</strong></span> <span class='ocrx_word' id='word_1_88' title='bbox 826 946 888 972; x_wconf 90' lang='lat' dir='ltr'><strong>res</strong></span> <span class='ocrx_word' id='word_1_89' title='bbox 914 933 1187 986; x_wconf 86' lang='lat' dir='ltr'><strong>imposuissent</strong></span> <span class='ocrx_word' id='word_1_90' title='bbox 1213 935 1497 989; x_wconf 83' lang='lat' dir='ltr'><strong>interpretibus.</strong></span> 
     </span>
     <span class='ocr_line' id='line_1_13' title="bbox 149 1005 1497 1062; baseline 0.002 -16"><span class='ocrx_word' id='word_1_91' title='bbox 149 1006 211 1046; x_wconf 89' lang='lat' dir='ltr'><strong>Fit</strong></span> <span class='ocrx_word' id='word_1_92' title='bbox 237 1007 340 1046; x_wconf 90' lang='lat' dir='ltr'><strong>enim</strong></span> <span class='ocrx_word' id='word_1_93' title='bbox 365 1005 467 1046; x_wconf 91' lang='lat' dir='ltr'><strong>haud</strong></span> <span class='ocrx_word' id='word_1_94' title='bbox 496 1019 594 1054; x_wconf 87' lang='lat' dir='ltr'><strong>raro,</strong></span> <span class='ocrx_word' id='word_1_95' title='bbox 624 1011 665 1045; x_wconf 91' lang='lat' dir='ltr'><strong>ut</strong></span> <span class='ocrx_word' id='word_1_96' title='bbox 692 1006 899 1059; x_wconf 85' lang='lat' dir='ltr'><strong>scriptores</strong></span> <span class='ocrx_word' id='word_1_97' title='bbox 926 1009 994 1044; x_wconf 89' lang='lat' dir='ltr'><strong>aut</strong></span> <span class='ocrx_word' id='word_1_98' title='bbox 1019 1005 1091 1059; x_wconf 88' lang='lat' dir='ltr'><strong>ipsi</strong></span> <span class='ocrx_word' id='word_1_99' title='bbox 1118 1005 1254 1047; x_wconf 86' lang='lat' dir='ltr'><strong>fortius</strong></span> <span class='ocrx_word' id='word_1_100' title='bbox 1279 1007 1497 1062; x_wconf 81' lang='lat' dir='ltr'><strong>loquantur,</strong></span> 
     </span>
     <span class='ocr_line' id='line_1_14' title="bbox 150 1077 1499 1137; baseline 0.003 -20"><span class='ocrx_word' id='word_1_101' title='bbox 150 1084 218 1119; x_wconf 80' lang='lat' dir='ltr'><strong>aut</strong></span> <span class='ocrx_word' id='word_1_102' title='bbox 244 1077 339 1118; x_wconf 85' lang='lat' dir='ltr'><strong>alios</strong></span> <span class='ocrx_word' id='word_1_103' title='bbox 363 1079 499 1118; x_wconf 80' lang='lat' dir='ltr'><strong>fortius</strong></span> <span class='ocrx_word' id='word_1_104' title='bbox 522 1078 725 1134; x_wconf 86' lang='lat' dir='ltr'><strong>loquentes</strong></span> <span class='ocrx_word' id='word_1_105' title='bbox 746 1077 940 1124; x_wconf 82' lang='lat' dir='ltr'><strong>inducant,</strong></span> <span class='ocrx_word' id='word_1_106' title='bbox 967 1091 1162 1133; x_wconf 91' lang='lat' dir='ltr'><strong>unusque</strong></span> <span class='ocrx_word' id='word_1_107' title='bbox 1187 1079 1336 1120; x_wconf 87' lang='lat' dir='ltr'><strong>dicatur</strong></span> <span class='ocrx_word' id='word_1_108' title='bbox 1363 1082 1408 1130; x_wconf 82' lang='lat' dir='ltr'><strong>is,</strong></span> <span class='ocrx_word' id='word_1_109' title='bbox 1435 1083 1499 1137; x_wconf 87' lang='lat' dir='ltr'><strong>qui</strong></span> 
     </span>
     <span class='ocr_line' id='line_1_15' title="bbox 150 1135 1496 1208; baseline 0.001 -16"><span class='ocrx_word' id='word_1_110' title='bbox 150 1150 260 1193; x_wconf 87' lang='lat' dir='ltr'><strong>nobis</strong></span> <span class='ocrx_word' id='word_1_111' title='bbox 289 1163 366 1193; x_wconf 85' lang='lat' dir='ltr'><strong>non</strong></span> <span class='ocrx_word' id='word_1_112' title='bbox 395 1151 547 1191; x_wconf 91' lang='lat' dir='ltr'><strong>videtur</strong></span> <span class='ocrx_word' id='word_1_113' title='bbox 574 1149 732 1202; x_wconf 87' lang='lat' dir='ltr'><strong>collegis</strong></span> <span class='ocrx_word' id='word_1_114' title='bbox 768 1135 951 1192; x_wconf 75' lang='lat' dir='ltr'><strong>caruisse.</strong></span> <span class='ocrx_word' id='word_1_115' title='bbox 1003 1148 1044 1189; x_wconf 86' lang='lat' dir='ltr'><strong>In</strong></span> <span class='ocrx_word' id='word_1_116' title='bbox 1081 1151 1269 1192; x_wconf 90' lang='lat' dir='ltr'><strong>eiusmodi</strong></span> <span class='ocrx_word' id='word_1_117' title='bbox 1302 1152 1397 1192; x_wconf 90' lang='lat' dir='ltr'><strong>locis</strong></span> <span class='ocrx_word' id='word_1_118' title='bbox 1432 1155 1496 1208; x_wconf 90' lang='lat' dir='ltr'><strong>qui</strong></span> 
     </span>
     <span class='ocr_line' id='line_1_16' title="bbox 150 1221 1493 1279; baseline 0.001 -15"><span class='ocrx_word' id='word_1_119' title='bbox 150 1225 201 1265; x_wconf 83' lang='lat' dir='ltr'><strong>ita</strong></span> <span class='ocrx_word' id='word_1_120' title='bbox 231 1229 423 1272; x_wconf 88' lang='lat' dir='ltr'><strong>versatur,</strong></span> <span class='ocrx_word' id='word_1_121' title='bbox 459 1228 501 1263; x_wconf 89' lang='lat' dir='ltr'><strong>ut</strong></span> <span class='ocrx_word' id='word_1_122' title='bbox 535 1223 572 1261; x_wconf 92' lang='lat' dir='ltr'><strong>in</strong></span> <span class='ocrx_word' id='word_1_123' title='bbox 606 1221 892 1275; x_wconf 87' lang='lat' dir='ltr'><strong>interpretando</strong></span> <span class='ocrx_word' id='word_1_124' title='bbox 921 1228 1094 1270; x_wconf 87' lang='lat' dir='ltr'><strong>moneat,</strong></span> <span class='ocrx_word' id='word_1_125' title='bbox 1130 1223 1219 1264; x_wconf 83' lang='lat' dir='ltr'><strong>talia</strong></span> <span class='ocrx_word' id='word_1_126' title='bbox 1253 1226 1366 1265; x_wconf 86' lang='lat' dir='ltr'><strong>nimia</strong></span> <span class='ocrx_word' id='word_1_127' title='bbox 1396 1240 1493 1279; x_wconf 85' lang='lat' dir='ltr'><strong>esse,</strong></span> 
     </span>
     <span class='ocr_line' id='line_1_17' title="bbox 148 1293 1494 1350; baseline 0.001 -14"><span class='ocrx_word' id='word_1_128' title='bbox 148 1297 238 1337; x_wconf 82' lang='lat' dir='ltr'><strong>facit</strong></span> <span class='ocrx_word' id='word_1_129' title='bbox 285 1296 389 1350; x_wconf 90' lang='lat' dir='ltr'><strong>quod</strong></span> <span class='ocrx_word' id='word_1_130' title='bbox 431 1309 507 1335; x_wconf 91' lang='lat' dir='ltr'><strong>non</strong></span> <span class='ocrx_word' id='word_1_131' title='bbox 548 1294 661 1349; x_wconf 89' lang='lat' dir='ltr'><strong>plane</strong></span> <span class='ocrx_word' id='word_1_132' title='bbox 700 1293 866 1334; x_wconf 83' lang='lat' dir='ltr'><strong>alienum</strong></span> <span class='ocrx_word' id='word_1_133' title='bbox 908 1299 966 1333; x_wconf 88' lang='lat' dir='ltr'><strong>est</strong></span> <span class='ocrx_word' id='word_1_134' title='bbox 1005 1294 1051 1333; x_wconf 87' lang='lat' dir='ltr'><strong>ab</strong></span> <span class='ocrx_word' id='word_1_135' title='bbox 1094 1296 1311 1350; x_wconf 83' lang='lat' dir='ltr'><strong>interpretis</strong></span> <span class='ocrx_word' id='word_1_136' title='bbox 1351 1297 1494 1338; x_wconf 83' lang='lat' dir='ltr'><strong>officio:</strong></span> 
     </span>
     <span class='ocr_line' id='line_1_18' title="bbox 148 1365 1492 1423; baseline 0.001 -16"><span class='ocrx_word' id='word_1_137' title='bbox 148 1369 213 1423; x_wconf 90' lang='lat' dir='ltr'><strong>qui</strong></span> <span class='ocrx_word' id='word_1_138' title='bbox 240 1381 334 1407; x_wconf 92' lang='lat' dir='ltr'><strong>vero</strong></span> <span class='ocrx_word' id='word_1_139' title='bbox 361 1369 444 1421; x_wconf 90' lang='lat' dir='ltr'><strong>ipsa</strong></span> <span class='ocrx_word' id='word_1_140' title='bbox 472 1367 704 1423; x_wconf 81' lang='lat' dir='ltr'><strong>scriptorum</strong></span> <span class='ocrx_word' id='word_1_141' title='bbox 731 1365 849 1407; x_wconf 81' lang='lat' dir='ltr'><strong>verba</strong></span> <span class='ocrx_word' id='word_1_142' title='bbox 877 1366 929 1404; x_wconf 84' lang='lat' dir='ltr'><strong>&#39;tta</strong></span> <span class='ocrx_word' id='word_1_143' title='bbox 957 1379 980 1404; x_wconf 89' lang='lat' dir='ltr'><strong>a</strong></span> <span class='ocrx_word' id='word_1_144' title='bbox 1007 1379 1100 1405; x_wconf 88' lang='lat' dir='ltr'><strong>vera</strong></span> <span class='ocrx_word' id='word_1_145' title='bbox 1134 1373 1173 1406; x_wconf 86' lang='lat' dir='ltr'><strong>et</strong></span> <span class='ocrx_word' id='word_1_146' title='bbox 1201 1369 1378 1421; x_wconf 86' lang='lat' dir='ltr'><strong>primaria</strong></span> <span class='ocrx_word' id='word_1_147' title='bbox 1406 1384 1492 1410; x_wconf 90' lang='lat' dir='ltr'><strong>sen-</strong></span> 
     </span>
     <span class='ocr_line' id='line_1_19' title="bbox 139 1436 1495 1491; baseline 0.001 -11"><span class='ocrx_word' id='word_1_148' title='bbox 139 1440 273 1480; x_wconf 82' lang='lat' dir='ltr'><strong>tentia</strong></span> <span class='ocrx_word' id='word_1_149' title='bbox 296 1439 517 1490; x_wconf 79' lang='lat' dir='ltr'><strong>detorquet,</strong></span> <span class='ocrx_word' id='word_1_150' title='bbox 553 1442 596 1479; x_wconf 91' lang='lat' dir='ltr'><strong>ut</strong></span> <span class='ocrx_word' id='word_1_151' title='bbox 629 1437 722 1491; x_wconf 89' lang='lat' dir='ltr'><strong>ipsis</strong></span> <span class='ocrx_word' id='word_1_152' title='bbox 750 1438 865 1477; x_wconf 84' lang='lat' dir='ltr'><strong>etiam</strong></span> <span class='ocrx_word' id='word_1_153' title='bbox 892 1436 1092 1477; x_wconf 87' lang='lat' dir='ltr'><strong>vocabulis</strong></span> <span class='ocrx_word' id='word_1_154' title='bbox 1121 1451 1207 1478; x_wconf 85' lang='lat' dir='ltr'><strong>eam</strong></span> <span class='ocrx_word' id='word_1_155' title='bbox 1236 1440 1315 1480; x_wconf 89' lang='lat' dir='ltr'><strong>vim</strong></span> <span class='ocrx_word' id='word_1_156' title='bbox 1342 1440 1495 1488; x_wconf 86' lang='lat' dir='ltr'><strong>tribuat,</strong></span> 
     </span>
     <span class='ocr_line' id='line_1_20' title="bbox 140 1509 1496 1567; baseline 0.001 -15"><span class='ocrx_word' id='word_1_157' title='bbox 140 1520 264 1567; x_wconf 83' lang='lat' dir='ltr'><strong>quam</strong></span> <span class='ocrx_word' id='word_1_158' title='bbox 291 1525 385 1551; x_wconf 89' lang='lat' dir='ltr'><strong>suae</strong></span> <span class='ocrx_word' id='word_1_159' title='bbox 414 1510 583 1565; x_wconf 89' lang='lat' dir='ltr'><strong>opinioni</strong></span> <span class='ocrx_word' id='word_1_160' title='bbox 609 1509 941 1550; x_wconf 83' lang='lat' dir='ltr'><strong>accommodatam</strong></span> <span class='ocrx_word' id='word_1_161' title='bbox 970 1523 1056 1549; x_wconf 90' lang='lat' dir='ltr'><strong>esse</strong></span> <span class='ocrx_word' id='word_1_162' title='bbox 1083 1512 1213 1559; x_wconf 89' lang='lat' dir='ltr'><strong>sentit,</strong></span> <span class='ocrx_word' id='word_1_163' title='bbox 1241 1514 1410 1566; x_wconf 85' lang='lat' dir='ltr'><strong>graviter</strong></span> <span class='ocrx_word' id='word_1_164' title='bbox 1434 1520 1496 1555; x_wconf 75' lang='lat' dir='ltr'><strong>est</strong></span> 
     </span>
     <span class='ocr_line' id='line_1_21' title="bbox 142 1582 1494 1640; baseline 0.001 -16"><span class='ocrx_word' id='word_1_165' title='bbox 142 1584 443 1639; x_wconf 17' lang='lat' dir='ltr'><strong>‘vituperandus3</strong></span> <span class='ocrx_word' id='word_1_166' title='bbox 482 1588 591 1637; x_wconf 82' lang='lat' dir='ltr'><strong>optat</strong></span> <span class='ocrx_word' id='word_1_167' title='bbox 628 1583 747 1631; x_wconf 86' lang='lat' dir='ltr'><strong>enim,</strong></span> <span class='ocrx_word' id='word_1_168' title='bbox 775 1596 895 1636; x_wconf 91' lang='lat' dir='ltr'><strong>quum</strong></span> <span class='ocrx_word' id='word_1_169' title='bbox 922 1582 1063 1622; x_wconf 88' lang='lat' dir='ltr'><strong>docere</strong></span> <span class='ocrx_word' id='word_1_170' title='bbox 1094 1582 1242 1624; x_wconf 87' lang='lat' dir='ltr'><strong>debeat.</strong></span> <span class='ocrx_word' id='word_1_171' title='bbox 1295 1586 1423 1640; x_wconf 89' lang='lat' dir='ltr'><strong>Atque</strong></span> <span class='ocrx_word' id='word_1_172' title='bbox 1457 1587 1494 1626; x_wconf 94' lang='lat' dir='ltr'><strong>in</strong></span> 
     </span>
     <span class='ocr_line' id='line_1_22' title="bbox 146 1654 1495 1712; baseline -0.001 -15"><span class='ocrx_word' id='word_1_173' title='bbox 146 1657 245 1698; x_wconf 82' lang='lat' dir='ltr'><strong>hanc</strong></span> <span class='ocrx_word' id='word_1_174' title='bbox 272 1656 595 1710; x_wconf 81' lang='lat' dir='ltr'><strong>vituperationem</strong></span> <span class='ocrx_word' id='word_1_175' title='bbox 623 1655 706 1708; x_wconf 89' lang='lat' dir='ltr'><strong>ipse</strong></span> <span class='ocrx_word' id='word_1_176' title='bbox 734 1655 849 1694; x_wconf 88' lang='lat' dir='ltr'><strong>etiam</strong></span> <span class='ocrx_word' id='word_1_177' title='bbox 880 1654 1076 1698; x_wconf 83' lang='lat' dir='ltr'><strong>Bentleius</strong></span> <span class='ocrx_word' id='word_1_178' title='bbox 1104 1655 1278 1695; x_wconf 85' lang='lat' dir='ltr'><strong>incurrit:</strong></span> <span class='ocrx_word' id='word_1_179' title='bbox 1306 1658 1370 1710; x_wconf 88' lang='lat' dir='ltr'><strong>qui</strong></span> <span class='ocrx_word' id='word_1_180' title='bbox 1390 1659 1495 1712; x_wconf 87' lang='lat' dir='ltr'><strong>quod</strong></span> 
     </span>
     <span class='ocr_line' id='line_1_23' title="bbox 139 1714 1495 1784; baseline 0.002 -16"><span class='ocrx_word' id='word_1_181' title='bbox 139 1729 212 1779; x_wconf 75' lang='lat' dir='ltr'><strong>(ad</strong></span> <span class='ocrx_word' id='word_1_182' title='bbox 240 1741 272 1768; x_wconf 88' lang='lat' dir='ltr'><strong>a.</strong></span> <span class='ocrx_word' id='word_1_183' title='bbox 302 1743 338 1783; x_wconf 89' lang='lat' dir='ltr'><strong>p.</strong></span> <span class='ocrx_word' id='word_1_184' title='bbox 359 1728 425 1780; x_wconf 88' lang='lat'><strong>32)</strong></span> <span class='ocrx_word' id='word_1_185' title='bbox 460 1741 616 1767; x_wconf 80' lang='lat' dir='ltr'><strong>versum</strong></span> <span class='ocrx_word' id='word_1_186' title='bbox 652 1732 721 1766; x_wconf 91' lang='lat' dir='ltr'><strong>sat.</strong></span> <span class='ocrx_word' id='word_1_187' title='bbox 749 1725 789 1766; x_wconf 93' lang='lat'><strong>11.</strong></span> <span class='ocrx_word' id='word_1_188' title='bbox 818 1727 854 1767; x_wconf 89' lang='lat'><strong>3.</strong></span> <span class='ocrx_word' id='word_1_189' title='bbox 880 1727 931 1765; x_wconf 88' lang='lat'><strong>24</strong></span> <span class='ocrx_word' id='word_1_190' title='bbox 965 1726 1117 1780; x_wconf 52' lang='lat' dir='ltr'><strong>‘hortos</strong></span> <span class='ocrx_word' id='word_1_191' title='bbox 1145 1729 1404 1784; x_wconf 52' lang='lat' dir='ltr'><strong>egregiasque.</strong></span> <span class='ocrx_word' id='word_1_192' title='bbox 1423 1714 1495 1771; x_wconf 84' lang='lat' dir='ltr'><strong>do-</strong></span> 
     </span>
     <span class='ocr_line' id='line_1_24' title="bbox 149 1798 1494 1857; baseline 0.002 -17"><span class='ocrx_word' id='word_1_193' title='bbox 149 1814 235 1844; x_wconf 85' lang='lat' dir='ltr'><strong>mos</strong></span> <span class='ocrx_word' id='word_1_194' title='bbox 269 1801 476 1840; x_wconf 83' lang='lat' dir='ltr'><strong>mercarier</strong></span> <span class='ocrx_word' id='word_1_195' title='bbox 510 1813 609 1838; x_wconf 92' lang='lat' dir='ltr'><strong>unus</strong></span> <span class='ocrx_word' id='word_1_196' title='bbox 636 1813 726 1839; x_wconf 89' lang='lat' dir='ltr'><strong>cum</strong></span> <span class='ocrx_word' id='word_1_197' title='bbox 760 1798 867 1838; x_wconf 86' lang='lat' dir='ltr'><strong>lucro</strong></span> <span class='ocrx_word' id='word_1_198' title='bbox 903 1800 1053 1839; x_wconf 84' lang='lat' dir='ltr'><strong>noram’</strong></span> <span class='ocrx_word' id='word_1_199' title='bbox 1088 1801 1139 1839; x_wconf 88' lang='lat' dir='ltr'><strong>ita</strong></span> <span class='ocrx_word' id='word_1_200' title='bbox 1177 1801 1356 1854; x_wconf 66' lang='lat' dir='ltr'><strong>explicat,</strong></span> <span class='ocrx_word' id='word_1_201' title='bbox 1385 1804 1494 1857; x_wconf 90' lang='lat' dir='ltr'><strong>quasi</strong></span> 
     </span>
     <span class='ocr_line' id='line_1_25' title="bbox 146 1870 1492 1929; baseline 0.002 -16"><span class='ocrx_word' id='word_1_202' title='bbox 146 1871 407 1928; x_wconf 86' lang='lat' dir='ltr'><strong>Damasippus</strong></span> <span class='ocrx_word' id='word_1_203' title='bbox 435 1886 513 1912; x_wconf 89' lang='lat' dir='ltr'><strong>non</strong></span> <span class='ocrx_word' id='word_1_204' title='bbox 539 1870 668 1912; x_wconf 89' lang='lat' dir='ltr'><strong>solus</strong></span> <span class='ocrx_word' id='word_1_205' title='bbox 695 1870 732 1911; x_wconf 93' lang='lat' dir='ltr'><strong>id</strong></span> <span class='ocrx_word' id='word_1_206' title='bbox 759 1871 919 1919; x_wconf 85' lang='lat' dir='ltr'><strong>noverit,</strong></span> <span class='ocrx_word' id='word_1_207' title='bbox 947 1872 1015 1912; x_wconf 91' lang='lat' dir='ltr'><strong>sed</strong></span> <span class='ocrx_word' id='word_1_208' title='bbox 1043 1871 1179 1913; x_wconf 87' lang='lat' dir='ltr'><strong>melius</strong></span> <span class='ocrx_word' id='word_1_209' title='bbox 1206 1874 1358 1914; x_wconf 85' lang='lat' dir='ltr'><strong>noverit</strong></span> <span class='ocrx_word' id='word_1_210' title='bbox 1375 1888 1492 1929; x_wconf 89' lang='lat' dir='ltr'><strong>quam</strong></span> 
     </span>
     <span class='ocr_line' id='line_1_26' title="bbox 148 1943 1491 1997; baseline 0.001 -12"><span class='ocrx_word' id='word_1_211' title='bbox 148 1948 283 1993; x_wconf 88' lang='lat' dir='ltr'><strong>ceteri,</strong></span> <span class='ocrx_word' id='word_1_212' title='bbox 324 1946 473 1985; x_wconf 86' lang='lat' dir='ltr'><strong>discere</strong></span> <span class='ocrx_word' id='word_1_213' title='bbox 510 1945 688 1997; x_wconf 90' lang='lat' dir='ltr'><strong>equidem</strong></span> <span class='ocrx_word' id='word_1_214' title='bbox 718 1943 850 1990; x_wconf 89' lang='lat' dir='ltr'><strong>velim,</strong></span> <span class='ocrx_word' id='word_1_215' title='bbox 886 1957 1053 1996; x_wconf 89' lang='lat' dir='ltr'><strong>quonam</strong></span> <span class='ocrx_word' id='word_1_216' title='bbox 1089 1945 1128 1984; x_wconf 93' lang='lat' dir='ltr'><strong>id</strong></span> <span class='ocrx_word' id='word_1_217' title='bbox 1165 1944 1236 1984; x_wconf 92' lang='lat' dir='ltr'><strong>sibi</strong></span> <span class='ocrx_word' id='word_1_218' title='bbox 1263 1946 1346 1985; x_wconf 91' lang='lat' dir='ltr'><strong>iure</strong></span> <span class='ocrx_word' id='word_1_219' title='bbox 1372 1946 1491 1987; x_wconf 89' lang='lat' dir='ltr'><strong>licere</strong></span> 
     </span>
     <span class='ocr_line' id='line_1_27' title="bbox 147 2014 1493 2072; baseline 0.002 -16"><span class='ocrx_word' id='word_1_220' title='bbox 147 2017 350 2072; x_wconf 89' lang='lat' dir='ltr'><strong>putaverit.</strong></span> <span class='ocrx_word' id='word_1_221' title='bbox 390 2017 529 2055; x_wconf 91' lang='lat' dir='ltr'><strong>Annon</strong></span> <span class='ocrx_word' id='word_1_222' title='bbox 555 2014 670 2054; x_wconf 91' lang='lat' dir='ltr'><strong>hodie</strong></span> <span class='ocrx_word' id='word_1_223' title='bbox 698 2015 812 2054; x_wconf 89' lang='lat' dir='ltr'><strong>etiam</strong></span> <span class='ocrx_word' id='word_1_224' title='bbox 840 2028 961 2055; x_wconf 90' lang='lat' dir='ltr'><strong>vanos</strong></span> <span class='ocrx_word' id='word_1_225' title='bbox 989 2020 1104 2071; x_wconf 90' lang='lat' dir='ltr'><strong>atque</strong></span> <span class='ocrx_word' id='word_1_226' title='bbox 1123 2022 1350 2072; x_wconf 54' lang='lat' dir='ltr'><strong>arrogantes</strong></span> <span class='ocrx_word' id='word_1_227' title='bbox 1368 2017 1493 2059; x_wconf 88' lang='lat' dir='ltr'><strong>homi-</strong></span> 
     </span>
     <span class='ocr_line' id='line_1_28' title="bbox 143 2082 1490 2139; baseline 0.004 -12"><span class='ocrx_word' id='word_1_228' title='bbox 143 2102 213 2128; x_wconf 87' lang='lat' dir='ltr'><strong>nes</strong></span> <span class='ocrx_word' id='word_1_229' title='bbox 241 2088 456 2127; x_wconf 86' lang='lat' dir='ltr'><strong>dictitantes</strong></span> <span class='ocrx_word' id='word_1_230' title='bbox 484 2088 677 2127; x_wconf 87' lang='lat' dir='ltr'><strong>audimus:</strong></span> <span class='ocrx_word' id='word_1_231' title='bbox 715 2082 806 2135; x_wconf 86' lang='grc' dir='ltr'><em>οἶος</em></span> <span class='ocrx_word' id='word_1_232' title='bbox 830 2087 1060 2139; x_wconf 81' lang='grc' dir='ltr'><strong><em>πέπνυμαι·</em></strong></span> <span class='ocrx_word' id='word_1_233' title='bbox 1094 2090 1160 2130; x_wconf 81' lang='grc' dir='ltr'><strong>τοὶ</strong></span> <span class='ocrx_word' id='word_1_234' title='bbox 1186 2090 1233 2131; x_wconf 78' lang='grc' dir='ltr'><strong>δὲ</strong></span> <span class='ocrx_word' id='word_1_235' title='bbox 1258 2092 1372 2132; x_wconf 84' lang='grc' dir='ltr'><strong><em>σκιαὶ</em></strong></span> <span class='ocrx_word' id='word_1_236' title='bbox 1398 2089 1490 2134; x_wconf 81' lang='grc' dir='ltr'>ἀΐσ-</span> 
     </span>
     <span class='ocr_line' id='line_1_29' title="bbox 142 2158 1489 2217; baseline 0 -15"><span class='ocrx_word' id='word_1_237' title='bbox 142 2158 312 2203; x_wconf 64' lang='grc' dir='ltr'><strong><em>σουσινὶ)</em></strong></span> <span class='ocrx_word' id='word_1_238' title='bbox 350 2158 526 2199; x_wconf 88' lang='lat' dir='ltr'><strong>Alterum</strong></span> <span class='ocrx_word' id='word_1_239' title='bbox 554 2163 684 2199; x_wconf 88' lang='lat' dir='ltr'><strong>rectae</strong></span> <span class='ocrx_word' id='word_1_240' title='bbox 712 2159 869 2200; x_wconf 86' lang='lat' dir='ltr'><strong>rationis</strong></span> <span class='ocrx_word' id='word_1_241' title='bbox 895 2160 1213 2215; x_wconf 89' lang='lat' dir='ltr'><strong>impedimentum</strong></span> <span class='ocrx_word' id='word_1_242' title='bbox 1242 2163 1410 2217; x_wconf 89' lang='lat' dir='ltr'><strong>positum</strong></span> <span class='ocrx_word' id='word_1_243' title='bbox 1432 2169 1489 2203; x_wconf 86' lang='lat' dir='ltr'><strong>est</strong></span> 
     </span>
     <span class='ocr_line' id='line_1_30' title="bbox 143 2231 1487 2291; baseline 0.001 -16"><span class='ocrx_word' id='word_1_244' title='bbox 143 2235 182 2275; x_wconf 91' lang='lat' dir='ltr'><strong>in</strong></span> <span class='ocrx_word' id='word_1_245' title='bbox 209 2233 417 2275; x_wconf 87' lang='lat' dir='ltr'><strong>verborum</strong></span> <span class='ocrx_word' id='word_1_246' title='bbox 445 2231 722 2288; x_wconf 84' lang='lat' dir='ltr'><strong>significatione</strong></span> <span class='ocrx_word' id='word_1_247' title='bbox 750 2233 1003 2288; x_wconf 88' lang='lat' dir='ltr'><strong>superlativa,</strong></span> <span class='ocrx_word' id='word_1_248' title='bbox 1037 2248 1137 2288; x_wconf 89' lang='lat' dir='ltr'><strong>quae</strong></span> <span class='ocrx_word' id='word_1_249' title='bbox 1163 2248 1184 2274; x_wconf 87' lang='lat' dir='ltr'><strong>a</strong></span> <span class='ocrx_word' id='word_1_250' title='bbox 1212 2234 1340 2274; x_wconf 89' lang='lat' dir='ltr'><strong>multis</strong></span> <span class='ocrx_word' id='word_1_251' title='bbox 1368 2250 1487 2291; x_wconf 83' lang='lat' dir='ltr'><strong>saepe</strong></span> 
     </span>
     <span class='ocr_line' id='line_1_31' title="bbox 140 2303 1511 2360; baseline 0.001 -13"><span class='ocrx_word' id='word_1_252' title='bbox 140 2319 220 2347; x_wconf 81' lang='lat' dir='ltr'><strong>non</strong></span> <span class='ocrx_word' id='word_1_253' title='bbox 256 2304 405 2345; x_wconf 83' lang='lat' dir='ltr'><strong>videtur</strong></span> <span class='ocrx_word' id='word_1_254' title='bbox 439 2310 547 2345; x_wconf 88' lang='lat' dir='ltr'><strong>recte</strong></span> <span class='ocrx_word' id='word_1_255' title='bbox 582 2303 777 2345; x_wconf 87' lang='lat' dir='ltr'><strong>intellecta</strong></span> <span class='ocrx_word' id='word_1_256' title='bbox 811 2319 918 2354; x_wconf 91' lang='lat' dir='ltr'><strong>esse,</strong></span> <span class='ocrx_word' id='word_1_257' title='bbox 958 2315 1192 2360; x_wconf 79' lang='lat' dir='ltr'><strong>quamquam·</strong></span> <span class='ocrx_word' id='word_1_258' title='bbox 1225 2306 1297 2360; x_wconf 87' lang='lat' dir='ltr'><strong>ipsi</strong></span> <span class='ocrx_word' id='word_1_259' title='bbox 1331 2313 1511 2348; x_wconf 85' lang='lat' dir='ltr'><strong>veteres·</strong></span> 
     </span>
     <span class='ocr_line' id='line_1_32' title="bbox 143 2377 1485 2432; baseline 0.001 -13"><span class='ocrx_word' id='word_1_260' title='bbox 143 2392 233 2419; x_wconf 85' lang='lat' dir='ltr'><strong>cum</strong></span> <span class='ocrx_word' id='word_1_261' title='bbox 265 2377 453 2419; x_wconf 84' lang='lat' dir='ltr'><strong>modestia</strong></span> <span class='ocrx_word' id='word_1_262' title='bbox 487 2377 652 2432; x_wconf 85' lang='lat' dir='ltr'><strong>quadam</strong></span> <span class='ocrx_word' id='word_1_263' title='bbox 685 2383 723 2418; x_wconf 90' lang='lat' dir='ltr'><strong>et</strong></span> <span class='ocrx_word' id='word_1_264' title='bbox 756 2378 1102 2432; x_wconf 83' lang='lat' dir='ltr'><strong>circumspectione</strong></span> <span class='ocrx_word' id='word_1_265' title='bbox 1136 2392 1181 2417; x_wconf 87' lang='lat' dir='ltr'><strong>ea</strong></span> <span class='ocrx_word' id='word_1_266' title='bbox 1216 2380 1271 2419; x_wconf 83' lang='lat' dir='ltr'><strong>uti</strong></span> <span class='ocrx_word' id='word_1_267' title='bbox 1298 2380 1485 2421; x_wconf 85' lang='lat' dir='ltr'><strong>solebant.</strong></span> 
     </span>
     <span class='ocr_line' id='line_1_33' title="bbox 139 2448 1483 2492; baseline 0.003 -4"><span class='ocrx_word' id='word_1_268' title='bbox 139 2448 295 2490; x_wconf 85' lang='lat' dir='ltr'><strong>Habent</strong></span> <span class='ocrx_word' id='word_1_269' title='bbox 329 2451 432 2490; x_wconf 89' lang='lat' dir='ltr'><strong>enim</strong></span> <span class='ocrx_word' id='word_1_270' title='bbox 467 2449 542 2489; x_wconf 90' lang='lat' dir='ltr'><strong>hoc</strong></span> <span class='ocrx_word' id='word_1_271' title='bbox 574 2449 763 2489; x_wconf 83' lang='lat' dir='ltr'><strong>vocabula</strong></span> <span class='ocrx_word' id='word_1_272' title='bbox 798 2449 900 2489; x_wconf 86' lang='lat' dir='ltr'><strong>haud</strong></span> <span class='ocrx_word' id='word_1_273' title='bbox 932 2461 1018 2488; x_wconf 86' lang='lat' dir='ltr'><strong>raro</strong></span> <span class='ocrx_word' id='word_1_274' title='bbox 1053 2462 1142 2487; x_wconf 90' lang='lat' dir='ltr'><strong>cum</strong></span> <span class='ocrx_word' id='word_1_275' title='bbox 1177 2453 1343 2491; x_wconf 86' lang='lat' dir='ltr'><strong>nummis</strong></span> <span class='ocrx_word' id='word_1_276' title='bbox 1377 2466 1483 2492; x_wconf 87' lang='lat' dir='ltr'><strong>com-</strong></span> 
     </span>
     <span class='ocr_line' id='line_1_34' title="bbox 132 2522 1481 2582; baseline 0.003 -19"><span class='ocrx_word' id='word_1_277' title='bbox 132 2529 271 2572; x_wconf 82' lang='lat' dir='ltr'><strong>mune,</strong></span> <span class='ocrx_word' id='word_1_278' title='bbox 297 2528 347 2563; x_wconf 85' lang='lat' dir='ltr'><strong>ut</strong></span> <span class='ocrx_word' id='word_1_279' title='bbox 381 2523 465 2578; x_wconf 84' lang='lat' dir='ltr'><strong>ipso</strong></span> <span class='ocrx_word' id='word_1_280' title='bbox 492 2537 565 2563; x_wconf 92' lang='lat' dir='ltr'><strong>usu</strong></span> <span class='ocrx_word' id='word_1_281' title='bbox 593 2522 701 2578; x_wconf 91' lang='lat' dir='ltr'><strong>quasi</strong></span> <span class='ocrx_word' id='word_1_282' title='bbox 729 2522 967 2582; x_wconf 80' lang='lat' dir='ltr'><strong>deterantur,</strong></span> <span class='ocrx_word' id='word_1_283' title='bbox 996 2522 1234 2579; x_wconf 87' lang='lat' dir='ltr'><strong>pristinaque</strong></span> <span class='ocrx_word' id='word_1_284' title='bbox 1261 2538 1395 2565; x_wconf 89' lang='lat' dir='ltr'><strong>eorum</strong></span> <span class='ocrx_word' id='word_1_285' title='bbox 1422 2524 1481 2567; x_wconf 78' lang='lat' dir='ltr'><strong>vis</strong></span> 
     </span>
    </p>
   </div>
  </div>
 </body>
</html>
