1669 2839
707 95 807 145 '125
901 102 955 156 ..3⁵2⁹

114 225 151 263 ‘et
175 213 393 264 ambulatis,
434 225 553 268 quum
579 212 603 253 i.
631 225 663 252 e.
691 224 768 266 quo
794 216 968 267 tempore
1007 222 1081 265 ego
1117 209 1255 250 misere
1279 209 1438 251 crucior

114 291 339 332 nefariarum
381 284 516 324 artium
556 284 764 338 adspectu?
829 286 878 323 At
923 274 1019 323 haec
1067 296 1228 337 operose
1274 284 1442 336 quaesita

113 362 289 405 videntur
323 364 361 400 et
394 356 513 397 aliena
541 355 588 396 ab
617 354 765 396 Horatii
805 354 1060 411 simplicitate,
1102 355 1166 410 qui
1193 354 1225 394 si
1252 352 1328 393 tale
1355 353 1443 408 quid

114 435 309 481 voluisset,
337 434 417 472 sine
443 430 570 478 dubio,
599 435 640 468 ut
665 431 806 469 vitaret
824 428 1105 476 obscuritatem,
1133 442 1207 468 una
1234 443 1284 468 ex
1310 428 1444 467 adver-

60 549 64 558 ,
115 508 260 555 sativis,
301 518 398 559 quae
425 502 618 549 dicuntur,
650 499 843 555 particulis
871 506 972 541 esset
1000 515 1103 541 usus.
1157 501 1314 541 Accedit
1341 501 1445 555 quod

116 580 267 619 omnino
300 575 484 615 eiusmodi
525 573 726 614 morositas
759 579 797 613 et
831 574 951 627 magis
990 574 1267 613 fortunatorum
1306 573 1444 613 invidia

116 652 179 690 vix
205 648 307 689 cadit
330 647 369 686 in
397 646 511 686 deum
538 645 695 685 hilarem
722 650 838 699 atque
862 646 1052 693 iocosum,
1086 645 1205 699 qualis
1233 659 1300 700 per
1326 650 1445 685 totam

115 721 268 760 satiram
288 719 447 772 Priapus
475 717 707 757 describitur.
749 717 880 771 ltaque
905 717 998 757 illud
1025 731 1102 756 non
1128 718 1314 771 vitupero,
1342 717 1444 769 quod

115 792 162 832 de
178 790 355 831 mutanda
383 789 519 830 vocula
540 772 720 845 cogitavit
733 788 978 845 Doeringius:
1007 795 1045 830 at
1064 803 1162 844 quae
1189 789 1374 844 scriptura
1395 787 1445 828 illi

114 865 223 904 unice
246 849 422 918 placebat
467 862 587 917 ‘dum
615 862 702 902 mihi
730 876 805 902 non
833 862 1006 910 tantum',
1034 862 1122 902 mihi
1149 860 1225 902 no'n
1252 861 1444 917 probatur,

115 937 292 990 quoniam
318 937 398 991 ipsa
425 949 590 990 quoque,
623 940 709 975 utut
742 934 968 990 explicatur,
1009 941 1075 976 aut
1101 935 1298 976 Horatium
1336 934 1445 975 nimis

113 1008 315 1062 loquacem
342 1009 448 1056 facit,
487 1014 552 1048 aut
579 1008 756 1063 Priapum
789 1010 896 1048 nimis
923 1003 1129 1048 morosum.
1186 1008 1371 1062 Equidem
1398 1006 1446 1047 de

114 1079 189 1119 loci
215 1081 399 1119 sententia
425 1081 475 1119 ita
503 1086 641 1119 statuo.
671 1080 800 1131 Quum
828 1086 938 1120 antea
961 1082 998 1120 in
1014 1080 1209 1135 Esquilino
1238 1079 1337 1120 colle
1358 1079 1446 1118 nihil

114 1153 235 1207 magis
262 1152 503 1201 metuissent,
546 1166 660 1207 quam
687 1153 790 1192 sures
817 1159 855 1193 et
881 1155 981 1197 feras
1021 1155 1058 1194 in
1087 1152 1290 1208 sepulcreti
1316 1150 1447 1191 solitu-

116 1224 200 1263 dine
226 1224 398 1272 latentes,
426 1221 609 1279 gloriatus
637 1231 695 1264 est
721 1224 890 1278 Priapus,
923 1231 1011 1278 post
1037 1225 1167 1265 hortos
1193 1225 1243 1264 ibi
1271 1223 1445 1263 aedifica-

113 1301 173 1336 tos
201 1310 269 1336 sua
311 1301 424 1351 opera
453 1297 629 1337 effectum
659 1311 755 1345 esse,
783 1302 824 1337 ut
850 1296 996 1337 nullum
1023 1297 1098 1336 iam
1126 1296 1171 1354 ab
1199 1295 1271 1336 illis
1298 1295 1446 1350 pericu-

113 1368 193 1408 lum
221 1369 430 1408 timendum
460 1375 571 1409 esset.
624 1370 665 1410 Id
693 1384 768 1424 quo
796 1371 917 1424 magis
945 1370 1200 1416 confirmaret,
1233 1369 1329 1408 haec
1355 1371 1446 1416 fere,

115 1442 148 1481 si
166 1447 270 1482 recte
298 1437 467 1489 coniicio,
495 1441 653 1481 addidit:
682 1442 782 1496 ‘quid
799 1443 902 1497 quod
929 1444 1031 1482 fures
1053 1455 1098 1481 ac
1123 1442 1223 1481 serae
1243 1442 1310 1481 vix
1331 1440 1446 1481 ullam

114 1514 202 1553 mihi
217 1513 431 1553 molestiam
458 1514 636 1562 afferunt3
663 1514 739 1553 imo
755 1515 921 1555 taedium
948 1513 1037 1555 mihi
1060 1519 1218 1553 movent
1244 1514 1447 1562 veneficae,

115 1600 213 1642 quae
247 1591 386 1634 tamen,
413 1600 529 1639 quum
563 1592 680 1626 noctu
710 1592 862 1628 tantum
895 1587 972 1627 huc
999 1588 1152 1628 veniant
1179 1593 1217 1627 et
1245 1588 1445 1628 domorum

114 1659 293 1699 viciniam
315 1659 444 1706 vitent,
472 1657 582 1697 vobis
609 1672 733 1711 neque
760 1658 1012 1700 habitantibus
1039 1659 1100 1699 hic
1118 1674 1242 1714 neque
1262 1662 1299 1700 in
1316 1652 1443 1714 aprico

115 1745 256 1786 aggere
284 1728 563 1769 ambulantibus
578 1744 744 1783 unquam
771 1737 931 1785 possunt
957 1731 1141 1772 molestae
1168 1735 1275 1772 esse.
1315 1731 1445 1802 Itaque

115 1802 309 1858 probabile
337 1801 424 1842 mihi
449 1801 608 1851 videtur,
637 1802 837 1843 Horatium
856 1818 899 1844 ea
922 1803 982 1844 hic
1000 1803 1184 1859 particula
1210 1819 1322 1845 usum
1350 1818 1445 1851 esse,

117 1890 190 1929 qua
230 1889 305 1915 non
346 1888 430 1914 raro
470 1875 507 1914 in
548 1875 656 1915 simili
703 1877 973 1917 sententiarum
1020 1877 1284 1917 coniunctione
1330 1877 1446 1916 utitur

118 1950 168 1996 (v.
196 1948 275 1987 Sat.
303 1946 345 1986 ll.
384 1949 415 1985 1.
443 1947 503 1986 71.
539 1946 579 1987 ll.
606 1948 641 1987 2.
671 1950 730 1989 77.
764 1947 804 1988 lI.
832 1948 867 1987 3.
900 1949 982 1988 137.
1010 1948 1084 2000 aL),
1121 1948 1284 2002 illosque
1310 1961 1444 1989 versus

113 2019 165 2057 ita
193 2018 416 2071 scripsisse:

270 2090 377 2141 quin
406 2089 495 2129 mihi
522 2105 598 2131 non
626 2096 771 2132 tantum
798 2093 976 2147 furesque
1002 2094 1182 2147 feraeque
1207 2098 1338 2133 suetae

229 2148 233 2153 ⁸
269 2158 370 2200 hunc
397 2174 539 2202 vexare
565 2163 693 2204 locum
722 2177 835 2204 curae
863 2163 950 2204 sunt
976 2170 1090 2219 atque
1117 2166 1246 2213 labori,

270 2237 450 2284 quantum
478 2220 706 2276 carminibus
733 2249 831 2289 quae
858 2243 1012 2277 versant
1037 2243 1151 2291 atque
1178 2238 1334 2278 venenis

268 2300 454 2343 humanos
479 2306 637 2345 anim'os.

119 2374 263 2417 Eadem
290 2381 416 2416 autem
442 2377 629 2430 particula
669 2382 769 2433 quod
809 2347 922 2437 paulo
964 2385 1052 2435 post
1086 2395 1122 2421 v.
1148 2382 1200 2421 22
1226 2385 1350 2440 posita
1376 2390 1443 2434 est,

115 2449 155 2488 -id
182 2450 387 2496 neminem,
415 2449 567 2503 opinor,
601 2451 785 2500 offendet,
815 2454 852 2492 in
879 2457 982 2492 tanta
1008 2456 1232 2507 praesertim
1259 2456 1443 2529 significa-

116 2519 226 2560 tionis
252 2521 478 2562 diversitate.
