1669 2839
474 0 537 50 «ᾗ,

498 90 526 127 12*
578 120 581 121 γ
826 78 886 131 26

179 189 281 229 idem
308 183 428 229 bomo
456 194 496 228 et
524 186 818 228 urbanitatis
853 189 1173 229 etrsacundiae
1199 189 1362 250 laudem
1381 195 1529 231 merere

180 256 358 310 voluerit,
385 258 716 301 urbanitatem·de
742 261 863 316 ipsius
890 267 1047 309 coenae,
1075 274 1148 315 qua
1176 260 1240 302 ille
1267 261 1444 303 homines
1461 278 1529 304 ex-

179 336 357 390 cepisset,
386 334 573 387 elegantia
602 332 884 387 interpretatus.
927 332 1014 383 Qua
1042 333 1197 387 quidem
1215 334 1253 374 in
1273 348 1316 374 re
1333 334 1527 390 aliquanto

180 409 304 447 minus
330 406 432 445 cauti
458 405 612 444 fuerunt
639 405 886 451 recentiores,
914 417 1079 458 quorum
1098 409 1395 447 commentarios
1412 409 1529 462 inspi-

179 491 267 517 cere
295 476 387 516 mihi
413 471 538 514 licuit:
565 489 654 515 nam
682 490 800 529 quum
818 481 942 515 totum
968 475 1098 526 locum
1119 478 1167 516 de
1193 477 1362 530 ‘aemula
1380 478 1529 533 lingua'

178 548 451 602 explicandum
474 552 661 593 statuant,
689 547 797 586 alteri
825 547 1147 586 urbanitatem
1168 547 1332 588 Iarbitae
1350 549 1398 588 ad
1425 548 1527 588 sales

178 625 217 660 ct
230 619 472 658 dicacitatem
484 618 667 665 referunt,
686 617 797 656 alteri
811 618 859 656 ad
875 619 1064 657 sermonis
1082 618 1312 672 elegantiam
1328 625 1527 673 artemque

176 688 415 730 declamandi
434 693 472 726 et
491 688 682 742 quandam
697 689 978 743 peregrinitatis
999 690 1036 728 in
1057 689 1219 729 dicendo
1239 690 1381 743 sugamss
1419 688 1527 730 Neu-

177 770 233 802 tra
263 760 449 801 sententia
478 759 685 814 probabilis
727 766 801 800 est:
843 774 958 800 nemo
987 763 1088 801 enim
1126 755 1378 815 rumpitur,
1420 762 1524 815 quod

130 858 136 862 »
176 833 319 872 salibus
346 845 393 871 ac
421 831 569 871 facetiis
597 845 714 885 saepe
742 833 860 872 utitur
886 833 923 871 in
951 834 1141 879 oratione,
1172 846 1298 886 neque
1325 833 1525 886 quisquam

174 905 390 945 disertus
421 902 640 950 vocabitur,
681 903 752 942 nisi
779 904 817 942 in
845 917 921 958 quo
951 903 1147 958 eleganter
1179 902 1330 942 dicendi
1348 900 1526 944 'studium

175 980 377 1030 appareat:
422 973 606 1013 Horatius
639 979 768 1013 autem
796 988 915 1027 quum
948 974 1045 1013 haec
1084 973 1236 1027 scripsit
1262 965 1371 1025 ,dum
1398 974 1526 1014 studet

176 1046 344 1101 urbanus
371 1045 571 1098 tenditque
587 1046 752 1084 disertus
778 1044 940 1093 haberi',
966 1059 1044 1085 non
1070 1045 1168 1091 ideo,
1195 1045 1353 1097 opinor„
1370 1045 1525 1099 biparti-

173 1124 255 1156 tum
283 1116 374 1156 fecit
400 1117 651 1163 enuntiatum,
687 1129 814 1169 neque
843 1116 919 1156 duo
954 1115 1070 1155 verba
1106 1115 1252 1169 posuit,
1292 1120 1334 1154 ut
1361 1117 1522 1156 eandem

173 1204 254 1228 rem
276 1187 428 1227 duobus
449 1187 648 1227 vocabulis
668 1187 914 1235 describeret,
931 1188 997 1227 sed
1019 1193 1071 1234 ut,
1100 1200 1200 1240 quae
1217 1193 1352 1227 natura
1373 1188 1522 1228 diversa

172 1264 319 1307 essent,
355 1258 469 1298 etiam
498 1260 671 1298 oratione
700 1259 1034 1314 distinguerentur.
1090 1259 1122 1297 A
1151 1272 1242 1298 vera
1270 1258 1433 1313 denique
1461 1273 1523 1298 ur-

172 1333 342 1382 banitate
370 1337 413 1369 ut
439 1330 560 1369 aliena
590 1337 689 1378 sunt,
719 1345 975 1385 quaecunque
1001 1331 1115 1369 nimia
1144 1335 1249 1376 sunt,
1277 1332 1328 1369 ita
1355 1330 1447 1369 nihil
1474 1330 1521 1369 ab

170 1417 214 1443 ea
234 1402 394 1443 alienius
421 1401 583 1450 videtur,
611 1416 727 1456 quam
754 1403 994 1443 immoderati
1024 1407 1063 1443 et
1088 1400 1202 1456 plane
1228 1402 1348 1442 insani
1378 1400 1522 1441 clamo·

172 1489 245 1514 res.
293 1473 430 1512 Melior
450 1473 665 1526 explicandi
696 1477 792 1513 ratio
822 1489 941 1528 quum
969 1474 1072 1514 nulla
1102 1473 1240 1521 adhuc,
1268 1473 1371 1527 quod
1391 1473 1522 1516 sciam,

172 1550 323 1600 reperta
343 1545 401 1591 sit,
423 1558 500 1583 non
520 1544 707 1584 habemus
728 1559 797 1585 cur
811 1545 909 1585 hanc
929 1547 1157 1599 scripturam
1185 1543 1352 1597 ‘aemula
1373 1528 1521 1590 coena'‚

168 1631 268 1671 quae
295 1616 437 1654 nostris
466 1621 573 1654 certe
601 1616 705 1655 libris
733 1617 924 1669 antiquior
953 1617 1104 1655 videtur
1132 1629 1236 1662 esse,
1264 1599 1446 1655 continuo
1475 1613 1521 1652 ab

167 1686 443 1742 interpolatore
471 1686 616 1727 illatam
643 1687 828 1735 dicamus,
863 1688 928 1742 qui
956 1689 1099 1741 ⁴potius
1126 1702 1242 1742 quam
1258 1686 1521 1734 declamando,

167 1759 344 1801 Iarbitam
364 1760 533 1813 ingluvie
554 1759 718 1812 dirumpi
742 1759 913 1811 potuisse
944 1759 1134 1812 'opinatus
1154 1761 1220 1798 sit:
1246 1760 1297 1799 'de
1317 1758 1398 1798 sola
1418 1759 1519 1797 enim

164 1831 334 1886 ingluvie
357 1828 472 1871 nemo
502 1829 613 1870 facile
641 1844 811 1884 unquam
840 1832 1086 1885 cogitaverit,
1116 1845 1236 1885 quum
1262 1831 1359 1871 haec
1385 1830 1520 1871 subse-

165 1907 333 1955 quantur
362 1902 576 1954 ¹tenditque
612 1901 829 1940 disertus
857 1901 1012 1940 haberi!
1068 1901 1199 1954 ltaque
1232 1901 1324 1940 nihil
1353 1906 1423 1947 est,
1451 1914 1519 1942 cur

163 1989 241 2015 non
278 1975 448 2029 potuerit
490 1986 675 2013 coenae
716 1973 860 2012 mentio
888 1972 936 2012 ab
972 1975 1055 2028 ipso
1086 1973 1246 2013 Horatio
1284 1972 1383 2013 sacta
1422 1987 1520 2021 esse,

163 2047 313 2086 etiamsi
339 2049 442 2099 quis,
482 2044 678 2098 repudiata
708 2044 982 2097 Porphyrionis
1009 2047 1244 2091 narratione,
1279 2059 1323 2083 ea
1353 2044 1469 2084 verba
1497 2059 1518 2083 a

162 2118 272 2159 nobis
310 2117 495 2172 explicari
531 2129 647 2171 posse
683 2122 816 2172 neget:
857 2130 902 2157 ac
931 2116 992 2156 vel
1020 2114 1255 2171 probabilius
1281 2116 1518 2163 coniicietur,

163 2190 331 2230 faciliora
360 2188 458 2228 haec
485 2188 654 2240 ‘aemula
681 2188 832 2242 lingua‘
860 2171 1086 2239 interpolata
1115 2201 1200 2227 esse
1220 2187 1268 2226 ab
1288 2186 1440 2226 homine
1469 2187 1517 2227 de

164 2276 278 2300 versu
306 2260 482 2315 proxime
516 2260 695 2300 inferiore
724 2266 904 2301 accurate
932 2260 1219 2315 interpretando
1248 2273 1385 2314 parum
1412 2258 1517 2299 solli-

162 2334 250 2373 cito.
306 2332 378 2382 Qui
408 2332 491 2370 sive
519 2331 731 2371 difficiliora
759 2332 821 2371 illa
852 2346 928 2371 non
957 2332 1205 2386 intelligebat,
1230 2334 1311 2372 sive
1340 2330 1516 2370 ultimum

160 2402 412 2452 vocabulum,
441 2404 543 2457 quod
572 2418 719 2444 coena
756 2408 851 2450 erat,
888 2418 958 2443 suo
988 2404 1024 2443 in
1049 2403 1145 2444 libro
1178 2405 1231 2444 ita
1268 2403 1514 2443 obscuratum

158 2476 320 2522 invenit,
352 2480 391 2513 ut
419 2477 638 2515 coniectura
668 2490 765 2529 opus
794 2476 1007 2515 videretur:
1043 2475 1135 2516 illud
1166 2481 1269 2515 certe
1298 2475 1371 2514 hoc
1401 2476 1514 2514 etiam
