1669 2839
145 195 334 246 quaque,
362 204 463 245 quae.
490 193 561 247 ipsi
591 193 815 233 obscuriora
843 193 1076 242 viderentur,
1101 193 1198 242 inter
1212 193 1499 235 emendandum

144 262 384 303 contulisset.
439 264 550 314 Quae
587 266 807 303 coniectura
844 267 1055 315 certissima
1097 265 1423 311 deberet‘videri,
1465 265 1498 304 ai

145 338 464 387 tutoprovocare
484 336 617 374 liceret
643 336 691 374 ad
712 350 769 382 ea,
789 350 888 388 quae
902 337 1084 374 universe
1105 336 1292 390 significat
1310 335 1355 374 C.
1371 334 1497 375 Lach-

146 418 310 445 mannus
336 407 372 445 in
401 407 686 459 commentario,
707 405 939 447 Lucretiano
969 422 1004 461 p.
1025 407 1158 473 3,'ubi
1188 407 1243 448 de'
1261 406 1495 461 reliquorum

148 477 325 515 codicum
353 476 564 532 archetypo
594 479 791 532 disputans
820 478 917 519 haec
945 480 1117 533 scripsit:
1146 478 1236 532 ⁶hoc
1256 483 1384 518 tamen
1405 486 1497 525 con*

147 548 332 587 litendum
360 554 430 596 est,
461 563 587 604 neque
615 550 813 589 librarium
833 565 914 590 rem
934 565 1043 589 suam
1059 551 1151 589 satis
1169 550 1342 590 studiose
1361 550 1497 604 egisse,

147 632 274 673 neque
298 626 554 669 correctores,
582 635 680 676 quos
700 622 736 661 in
757 622 855 662 libro
873 622 1104 677 expoliendo
1132 629 1263 661 curam
1281 620 1497 660 collocasse

148 696 324 744 apparet,
365 691 484 731 multa
512 691 560 731 ab
588 692 653 731 illo
690 700 851 746 peccata
880 693 1129 733 emendasse:
1168 697 1273 732 certe
1301 706 1351 731 ne
1377 704 1497 737 unum

149 763 304 815 quidem
333 777 383 802 ex
409 764 454 802 iis
481 764 655 803 versibus
683 779 782 818 quos
810 765 1002 804 omisisset
1028 765 1295 812 restituerunt3
1323 768 1365 802 ut
1391 763 1499 803 vide-

148 838 260 872 antur
287 834 379 872 mihi
405 835 581 874 codicem
609 849 734 883 suum,
762 842 804 875 ut
830 837 910 875 sere
937 835 1127 883 dicebant,
1154 835 1235 874 sine
1262 834 1498 889 exemplario

149 903 288 959 legisse
309 911 356 945 et
383 911 425 945 ut
452 908 648 960 potuerint
677 908 932 948 emendasse'.
963 912 966 914 ’
989 907 1101 947 Unde
1127 907 1158 946 si
1187 907 1401 961 collegeris,
1435 906 1497 947 illa

148 978 467 1029 praescriptione,
496 991 596 1030 quae
623 979 721 1017 inest
757 979 794 1016 in
822 978 895 1016 hac
934 977 1095 1015 formula
1138 982 1217 1029 ‘ut‘
1235 976 1371 1029 potui',
1406 987 1498 1014 usos

149 1058 225 1085 non
267 1060 353 1087 esse
393 1048 465 1086 nisi
493 1062 578 1096 eos,
620 1050 683 1103 qui
722 1049 877 1089 codices
917 1047 1044 1087 nullos
1085 1047 1309 1088 adhiberent
1346 1052 1500 1102 praeter

151 1131 270 1158 unum
303 1118 427 1168 illum,
465 1122 503 1160 in
531 1135 608 1176 quo
636 1121 878 1161 emendando
907 1119 1175 1168 versabantur,
1212 1119 1298 1175 plus
1338 1122 1499 1159 tortasse

147 1188 221 1229 illis
241 1190 369 1264 νςςέιῇε
397 1192 563 1241 tribues,
581 1208 697 1247 quam
727 1193 904 1234 tribuitis
924 1192 1045 1232 voluit
1071 1193 1129 1231 vir
1156 1206 1349 1231 summus:
1377 1192 1497 1231 nemi-

148 1274 237 1300 nem
246 1265 396 1302 ‘tamen
423 1264 473 1303 ita
500 1264 676 1305 locutum
705 1279 791 1304 esse
819 1264 1065 1311 crediderim,
1106 1265 1168 1303 cui
1202 1262 1352 1303 licuerit
1382 1261 1499 1302 libros

149 1332 353 1373 consulere
387 1340 426 1374 et
458 1323 627 1390 optiffios
665 1342 704 1376 et
744 1337 1042 1391 antiquissimos
1096 1336 1204 1378 Dura
1244 1335 1358 1388 igitur
1398 1333 1498 1372 illius

148 1403 315 1446 conditio
344 1406 423 1453 suit,
452 1408 515 1460 qui
535 1406 649 1446 Nonii
672 1407 840 1446 Marcelli
869 1408 992 1446 codici
1011 1407 1107 1446 haec
1135 1406 1372 1459 subscripsit,
1400 1417 1499 1459 quae

147 1474 195 1514 ab
216 1475 382 1516 Arevalo
411 1477 459 1517 ad
488 1477 621 1518 Sedul.
649 1493 685 1533 p.
706 1480 756 1518 89
785 1484 983 1519 mutuatus
1011 1483 1070 1518 est
1087 1478 1135 1517 de
1154 1476 1268 1516 Rossi
1291 1476 1313 1517 l.
1333 1476 1357 1515 l.
1377 1491 1414 1530 p.
1428 1476 1497 1515 49:

154 1545 233 1586 lun.
260 1547 405 1588 Trifon.
433 1549 566 1589 Sabin.
595 1550 797 1590 Protector
818 1550 942 1589 Dom.
971 1573 1021 1579 ——
1050 1555 1195 1604 prout
1229 1549 1369 1602 potui
1395 1548 1497 1587 sine

147 1619 386 1673 magistro
416 1622 626 1661 emendans
653 1623 833 1662 annotavi
853 1622 938 1661 -—-':
968 1621 1125 1661 meliore
1155 1635 1246 1661 usus
1266 1624 1324 1659 est
1346 1618 1499 1659 Mavor-

148 1692 235 1738 tius,
257 1693 318 1730 cui
347 1694 529 1747 magister
550 1699 655 1732 certe
683 1707 759 1732 non
789 1694 921 1732 defuit.
968 1692 1074 1731 Num
1103 1706 1222 1732 unum
1250 1692 1424 1731 codicem
1450 1691 1496 1730 ad

146 1775 284 1801 manus
298 1761 487 1811 habuerit,
514 1777 562 1803 an
578 1764 688 1812 duos,
716 1778 851 1818 parum
879 1763 1020 1816 liquet:
1048 1764 1079 1802 si
1106 1763 1204 1802 duos
1231 1762 1374 1809 habuit,
1401 1776 1509 1801 neu(

144 1838 246 1872 trum
264 1834 338 1887 ipsi
356 1835 553 1888 insigniter
569 1835 713 1874 bonum
733 1836 859 1874 visum
879 1848 977 1881 esse,
997 1839 1157 1880 certum,
1185 1839 1227 1872 ut
1252 1834 1398 1886 opinor,
1428 1838 1495 1871 est.

144 1903 236 1944 Erat
270 1906 388 1959 igitur
427 1911 506 1945 tota
543 1907 759 1945 emendatio
798 1907 836 1944 in
871 1906 1093 1944 coniectura
1126 1905 1267 1958 posita,
1306 1905 1342 1943 id
1371 1910 1430 1943 est
1456 1906 1493 1943 in

143 1975 351 2015 subtilitate
377 1977 571 2017 iudicandi
604 1977 898 2030 inveniendique
926 1975 1113 2021 sollertia,
1142 1980 1257 2028 atque
1285 1975 1385 2014 idem
1415 1976 1493 2014 sere

139 2047 284 2086 audere
313 2047 516 2100 oportebat
537 2048 780 2096 Mavortium,
808 2047 911 2101 quod
929 2061 1047 2086 ausus
1074 2051 1133 2085 est
1152 2045 1323 2085 Securus
1345 2045 1495 2085 Memor

141 2117 260 2165 Felix,
290 2119 354 2172 qui
382 2117 557 2157 Martiani
587 2120 740 2173 nuptias
770 2132 837 2172 ‘ex
866 2117 1167 2157 mendosissimis
1196 2116 1491 2170 exemplaribus'

139 2188 367 2229 emendavit.
409 2190 461 2228 At
478 2190 515 2229 id
537 2191 663 2245 ipsum
683 2191 944 2245 suspicionem
972 2187 1154 2235 movebit,
1181 2201 1229 2227 ne
1248 2188 1491 2241 perniciosis-

137 2261 229 2298 sima
249 2261 361 2299 fuerit
387 2260 566 2300 Mavortii
582 2275 711 2315 opera,
726 2263 828 2315 iique
846 2260 942 2309 libri,
973 2261 1037 2314 qui
1052 2259 1152 2298 illius
1168 2257 1489 2311 subscriptionem

134 2329 286 2378 habent,
313 2336 426 2372 caute
453 2333 563 2371 vitari
584 2333 759 2372 debeant.
804 2332 962 2371 Etiamsi
991 2331 1092 2370 enim
1119 2329 1338 2382 largiamur,
1367 2329 1488 2367 maxi-

129 2413 235 2440 mam
269 2401 349 2440 sine
382 2402 498 2443 dubio
525 2403 760 2457 diligentiam
789 2417 809 2443 a
840 2401 991 2449 duobus
1017 2401 1091 2441 illis
1119 2400 1260 2447 criticis
1285 2400 1322 2439 in
1351 2399 1486 2440 codice

127 2473 464 2526 distinguendo
492 2475 722 2515 collocatam
751 2487 855 2520 esse,
884 2487 984 2526 quae
1003 2486 1093 2512 cura
1115 2477 1156 2510 ut
1176 2471 1384 2522 plurimum
1403 2471 1482 2510 fere
