1669 2839
791 88 854 136 ‘4²1
868 80 911 133 ⁴2

99 207 102 211 '
151 194 338 242 sermonis
352 200 511 257 eiusque
520 199 953 258 Gradcisimplicitatem
966 193 1190 256 provocant.
1217 202 1344 256 Atque
1357 196 1395 241 hi
1409 202 1492 256 qui·

151 270 239 311 dem
264 274 460 314 amicam
482 287 504 314 a
532 273 691 332 matres
712 274 986 329 seiungendam
1007 272 1250 321 arbitrantur,
1282 286 1382 327 quae
1399 286 1492 312 sane

151 342 396 396 &tinctiwqt
408 343 575 399 optimos
587 343 689 385 inter
702 347 934 386 recentiores
947 351 1130 400 patronos
1146 350 1206 385 est
1223 349 1348 393 nacta,
1363 349 1402 384 et
1416 344 1494 384 iam

150 415 314 469 antiquis
326 407 563 471 t'qnporibus
577 430 669 456 suos
681 418 851 456 fautores
862 415 1008 455 habuit.
1042 416 1380 457 Commemoratur
1392 417 1494 456 enim

151 475 183 524 a·
198 484 482 542 Porphyrione;
524 492 673 528 retenta
701 491 760 526 est
785 500 807 526 a
835 485 1023 526 Meinekio
1050 492 1089 526 et
1114 487 1293 542 Hauptio.
1345 485 1493 530 Dubito

151 564 244 597 num
258 563 378 598 rente.
419 557 522 597 Nam
546 558 640 598 illud
655 564 941 612 argumentum,
968 570 1055 611 quo·
1063 558 1112 597 ad
1131 572 1217 606 eam
1244 546 1497 600 refellendam

153 626 367 684 Porphyrio
387 623 515 678 utitur,
544 641 663 685 quum
682 629 784 677 dicit,
802 628 939 669 melius
959 642 1045 669 esse
1072 628 1272 669 amicam
1297 631 1494 671 ma'trem

152 699 286 754 accipi,
313 701 418 755 quia
433 701 674 741 mentionem
696 701 829 741 uxoris
847 701 989 741 faciat
977 714 1016 740 m
1037 699 1320 768 sequentibus':
1345 700 1385 741 id
1404 700 1495 740 mihi

152 771 302 812 videtur
319 772 528 812 admodum
544 772 792 827 probabiliter
805 773 1004 812 inventum
1023 786 1121 820 esse,
1147 773 1328 826 quoniam
1345 772 1494 812 amica

151 842 275 896 primo
301 842 391 883 loco
419 848 508 882 ante
531 843 657 897 ipsam
677 835 799 883 etiam
827 848 988 883 matrem
1015 844 1207 883 nominata
1234 843 1493 917 turpissimam

151 914 326 968 profecto
364 905 496 956 notam
530 914 673 956 homini
705 916 836 963 inurit,
876 916 925 956 de
951 916 1061 956 cuius
1099 897 1343 970 improbitate
1380 914 1494 970 plane

151 984 253 1026 nihit
263 986 413 1030 ,dictum
438 991 508 1026 'est-
562 987 679 1037 Quod
705 988 738 1028 si
763 988 848 1041 quis
874 988 1108 1027 contendere
1142 986 1252 1034 velit,
1290 986 1494 1026 Horatium

149 1068 204 1096 eo
213 1056 388 1098 consilio
386 1050 574 1113 primum·
595 1058 727 1099 locum
742 1059 936 1099 meretrici
958 1057 1148 1107 tribuisse,
1172 1058 1287 1099 uxori
1304 1057 1493 1106 ultimum,

149 1130 227 1183 quo
241 1130 372 1183 magis
396 1112 757 1184 ἰΙῙὶιιεῬοῐνεηὶιιε
764 1135 1050 1186 αμοεσοςεῐιιι,
1077 1131 1121 1177 is,
1143 1130 1290 1183 opinor,
1317 1130 1492 1169 acumine

147 1192 518 1264 abnuit-iffieabitur.
561 1199 693 1256 ltaque
722 1205 792 1240 aut
820 1210 922 1242 nova
950 1193 1154 1256 explicatio
1181 1200 1395 1256 indaganda
1420 1196 1492 1241 erit

129 1268 458 1337 iuffamendatib
488 1272 686 1311 tentanda:
720 1272 949 1314 emendandi
968 1277 1099 1311 autem
1126 1273 1326 1326 negotium
1348 1277 1393 1310 ut
1416 1271 1493 1311 hoc

141 1339 305 1400 μω
329 1341 419 1399 loco
434 1354 520 1383 ‘non
547 1341 699 1383 difficile
729 1341 795 1391 sit,
821 1341 1030 1383 Prudentii·
1042 1341 1227 1406 sedulitas
1252 1342 1389 1392 effecit,
1417 1343 1494 1398 qui,

149 1408 202 1462 ut*
216 1414 373 1455 omuino
400 1413 563 1453 libenter
588 1414 707 1453 utitur
733 1413 964 1461 Horatianis,
989 1415 1042 1453 ita
1068 1414 1171 1454 hunc
1195 1416 1311 1454 etiam
1337 1428 1493 1454 versum

150 1484 337 1531 inibatum
376 1484 681 1540 praetermittere
712 1483 846 1528 noluit.
897 1483 934 1527 1³
959 1485 1074 1540 igitur
1101 1487 1138 1526 in
1166 1485 1370 1526 Fructuosi
1405 1489 1491 1540 pas-

151 1542 278 1606 εἰᾶιὶ,
312 1556 380 1598 ubi
405 1557 489 1610 ipse
515 1569 670 1611 queque
696 1555 871 1594 homines
896 1556 995 1595 inter
1020 1569 1063 1596 se
1090 1558 1370 1597 diversissimos
1397 1571 1494 1597 enu-

151 1633 290 1677 merat,
317 1619 416 1683 quos
449 1627 683 1676 adhortatur,
717 1632 760 1667 ut
786 1626 923 1667 eodem
941 1640 1086 1669 romnes
1113 1628 1240 1675 studio
1269 1643 1383 1670 unam
1410 1642 1493 1670 rem

151 1699 401 1755 agantfss‘haec
427 1701 556 1755 posuit
584 1700 727 1754 (perist.
758 1697 819 1737 VI.
850 1699 924 1738 148
942 1702 1070 1754 ·sqq.)·:

393 1773 616 1813 circumstet
642 1770 782 1811 chorus
809 1784 859 1810 ex
886 1776 1052 1825 utroque
1077 1785 1185 1821 sexu,

392 1844 518 1892 heros,
543 1843 665 1898 virgo,
692 1856 799 1897 puer,
826 1856 958 1891 senex,
986 1843 1128 1883 anicla:

392 1920 564 1956 vestrum
590 1914 740 1968 psallite
765 1915 837 1953 rite
863 1914 894 1953 F
895 1920 1130 1954 ructuosum.
1336 1941 1339 1945 -

152 1987 222 2027 Ex·
241 1986 310 2034 his,
338 1987 369 2025 si
395 1986 445 2034 id,
473 1985 576 2040 quod
604 1985 843 2025 Christianus
870 1989 984 2039 poeta
1012 1984 1061 2025 ab
1086 1986 1171 2041 ipso
1198 1985 1360 2028 Horatio
1388 1989 1494 2029 vide-

151 2064 213 2098 tur
240 2063 436 2098 mutuatus
463 2065 560 2105 esse,
583 2071 651 2097 sua
677 2058 717 2098 in
744 2057 837 2096 sede
863 2059 1093 2111 reposueris,
1119 2060 1171 2098 ita
1197 2065 1239 2099 ut
1263 2059 1467 2100 scribatur:

823 2129 964 2170 clamet
987 2129 1148 2170 anicla

329 2206 331 2208 ’
395 2204 526 2249 mater,
552 2202 714 2241 honesta
741 2212 852 2241 soror
867 2214 956 2240 cum
984 2202 1168 2257 cognatis,
1196 2207 1315 2257 pater,
1343 2216 1461 2242 uxor:

152 2274 363 2315 rectissime
401 2273 615 2328 procedunt
655 2273 801 2321 omnia,
842 2286 961 2327 quum
1001 2272 1153 2313 vetulae
1191 2273 1302 2313 matri
1338 2272 1496 2329 propter

150 2348 275 2401 ipsam
302 2346 479 2385 canitiem
506 2345 628 2399 magis
656 2344 769 2383 etiam
798 2344 958 2399 obsequi
977 2349 1163 2399 oporteat,
1190 2358 1307 2399 quam
1332 2345 1493 2392 florenti,

151 2422 268 2472 atque
302 2418 423 2457 sorori
463 2431 618 2473 quoque
656 2416 827 2457 additum
862 2418 921 2457 sit·
937 2416 1133 2472 epitheton
1160 2416 1208 2457 ab
1237 2421 1364 2458 aetate
1389 2431 1493 2457 sum—

152 2494 272 2544 ptum.
311 2490 609 2544 Apparet'enim
628 2502 713 2528 eam
738 2488 794 2528 ho
807 2486 1097 2537 ne'stamdici,
1122 2502 1200 2529 non
1218 2489 1261 2528 ut
1279 2494 1494 2544 opponatur
