1669 2839
828 118 856 160 4

166 228 386 267 contulisse.
445 227 546 267 Nam
576 234 779 281 postquam
809 228 1049 281 promulgata
1080 232 1137 266 est
1165 227 1226 266 illa
1255 228 1337 275 lex,
1367 240 1443 268 uno
1469 229 1524 283 ⁴3⁶,

170 298 258 339 loco
289 303 422 348 (carm.
447 298 515 338 lV.
544 299 579 337 8.
614 300 693 349 17),
736 299 800 351 qui
843 298 1066 337 iamdudum
1093 299 1130 337 in
1160 287 1418 353 suspicionem
1453 300 1519 340 ad—

167 372 308 410 ductus
328 378 420 418 erat,
442 372 563 425 magis
586 372 700 409 etiam
724 370 898 409 dubitare
919 371 1127 423 coepimus,
1150 385 1249 424 quae
1264 376 1393 411 tamen
1408 371 1517 411 dubi-

165 443 259 481 tatio
288 442 459 480 nondum
485 442 555 480 fuit
582 442 633 480 ita
662 442 869 488 fructuosa,
897 446 939 479 ut
967 442 1061 479 certi
1089 442 1294 495 quicquam
1320 442 1518 482 inventum

168 515 225 551 sit.
270 511 403 564 Itaque
429 513 533 565 quod
561 514 671 566 periti
698 512 833 552 harum
866 526 994 551 rerum
1023 511 1085 550 vel
1113 514 1279 552 maxime
1307 527 1405 567 opus
1434 527 1520 553 esse

165 582 351 631 iudicant,
389 588 430 621 ut
457 588 546 637 post
573 589 629 623 tot
657 583 823 634 σχολικὰ
851 579 1124 636 ὑπομνήματα
1159 581 1229 621 hae
1254 587 1381 622 aetate
1408 583 1520 630 edita,

169 670 332 709 quorum
362 654 486 708 aliqua
515 669 604 708 pars
631 656 947 709 intemperantius
973 656 1125 694 videtur
1153 660 1329 708 protrusa
1359 669 1462 701 esse,
1498 670 1518 693 a

169 726 341 782 pluribus
361 726 409 765 ad
439 726 592 765 criticae
619 727 710 766 artis
738 726 984 765 severitatem
1012 726 1208 772 redeatur,
1236 726 1306 765 nisi
1330 727 1520 780 patienter

172 800 271 837 serre
298 798 483 844 velimus,
511 798 720 837 Horatiana
748 799 890 844 studia,
920 812 995 850 quo
1024 798 1146 851 magis
1174 798 1444 850 pinguescant,
1473 812 1519 836 eo

169 869 292 923 magis
334 869 449 907 etiam
483 867 740 908 sterilescere:
779 868 814 908 id
843 874 881 908 et
908 869 1033 922 ipsum
1076 869 1177 907 factu
1211 867 1362 908 difficile
1397 873 1455 908 est
1482 873 1521 907 et

170 955 248 980 non
276 941 485 980 admodum
514 941 647 979 faustis
674 941 853 994 auspiciis
881 941 1093 993 suscipitur.
1149 941 1276 993 Atque
1308 941 1431 979 fateor
1459 955 1520 979 me

171 1010 403 1065 aliquamdiu
431 1010 588 1050 dubium
616 1010 798 1058 haesisse,
825 1023 915 1048 num
944 1024 1028 1047 mea
1058 1009 1338 1063 qualiacunque
1365 1011 1519 1048 inventa

172 1083 346 1123 ederem:
383 1088 421 1123 at
449 1083 542 1123 latet
569 1084 606 1122 in
634 1083 690 1131 iis,
728 1097 827 1137 quae
855 1080 1101 1137 probabiliter
1128 1081 1236 1122 nobis
1263 1083 1438 1122 videmur
1464 1083 1520 1122 in-

171 1156 335 1202 venisse,
363 1168 480 1194 caeca
507 1156 695 1208 quaedam
716 1156 792 1201 vis,
821 1168 920 1207 quae
949 1167 1080 1192 morae
1107 1155 1218 1192 nimis
1234 1154 1433 1194 diuturnae
1450 1156 1521 1193 im-

172 1228 321 1280 patiens
357 1226 420 1266 vel
453 1228 571 1266 invita
600 1232 638 1265 et
671 1225 895 1265 reluctantia
923 1240 943 1264 e
972 1225 1183 1264 studiorum
1218 1224 1450 1265 umbraculis
1483 1227 1520 1265 in

172 1298 296 1336 solem
311 1311 357 1336 ac
371 1297 572 1351 pulverem
600 1296 797 1350 protrahit,
825 1296 1063 1347 accessitque
1091 1297 1331 1348 quorundam
1354 1299 1520 1337 maxima

172 1371 211 1409 in
238 1369 296 1409 his
324 1369 443 1408 literis
471 1369 697 1415 auctoritas,
734 1367 799 1421 qui
826 1365 1027 1414 nonnulla,
1055 1380 1154 1420 quae
1182 1382 1269 1408 cum
1296 1369 1388 1423 ipsis
1415 1382 1521 1408 com-

172 1441 470 1486 municaveram,
498 1440 550 1478 ita
574 1438 914 1492 amplectebantur,
944 1443 986 1476 ut
1009 1437 1108 1477 ultro
1129 1452 1191 1477 me
1210 1440 1258 1479 ad
1278 1440 1522 1480 scribendum

173 1511 476 1551 adhortarentur.
522 1510 613 1550 Feci
626 1510 752 1564 igitur,
769 1509 872 1564 quod
892 1523 967 1549 non
986 1510 1094 1564 potui
1108 1524 1185 1549 non
1205 1511 1343 1551 facere.
1373 1510 1521 1562 Quodsi

173 1584 257 1637 quis
285 1583 439 1622 brevius
467 1581 557 1621 mihi
584 1582 830 1621 scribendum
859 1582 974 1620 fuisse
1003 1584 1211 1629 censuerit,
1238 1584 1404 1638 ingenue
1431 1597 1521 1637 pro-

173 1654 320 1701 fitebor,
348 1654 578 1693 brevitatem
605 1654 643 1692 in
671 1652 888 1692 huiusmodi
918 1653 1237 1706 disputationibus
1270 1668 1403 1693 eorum
1431 1654 1522 1693 mihi

172 1727 367 1780 propriam
394 1726 534 1773 videri,
571 1739 736 1778 quorum
763 1726 846 1778 ipsa
874 1726 1025 1764 nomina
1054 1731 1368 1780 argumentorum
1396 1726 1531 1764 vicem·

173 1797 460 1852 quodammodo
497 1796 695 1851 expleant:
739 1810 827 1844 nos,
861 1798 924 1850 qui
959 1811 1109 1836 summa
1145 1811 1321 1851 quaeque
1355 1798 1521 1837 assecuti

171 1883 318 1917 sumus,
346 1869 377 1908 si
405 1868 629 1908 tantundem
657 1881 678 1907 a
706 1869 882 1922 pessimis
909 1869 1050 1908 distare
1076 1868 1299 1916 iudicamur,
1335 1873 1520 1922 quantum

171 1942 357 1980 distamus
384 1941 431 1980 ab
461 1941 634 1994 optimis,
662 1953 739 1978 non
767 1939 970 1986 habemus,
1000 1941 1152 1993 opinor,
1185 1954 1255 1979 cur
1281 1941 1383 1980 idem
1409 1940 1520 1980 nobis

170 2023 382 2051 sumamus.
438 2009 514 2058 Qui
546 2023 640 2048 vero
668 2010 706 2048 in
736 2009 926 2048 nonnullis
961 2009 1055 2049 locis
1091 2010 1297 2049 tractandis
1332 2011 1518 2049 maiorem

169 2083 367 2122 doctrinae
395 2080 547 2133 copiam
567 2094 631 2118 me
650 2079 831 2118 adhibere
858 2079 1036 2119 debuisse
1064 2080 1213 2129 dixerit,
1241 2082 1518 2122 adsentientem

168 2167 230 2192 me
249 2151 421 2191 habebit:
450 2156 488 2189 at
516 2156 606 2190 sunt
631 2151 728 2191 haec
756 2152 793 2190 in
823 2165 960 2206 magna
981 2156 1017 2190 et
1033 2151 1098 2189 otii
1127 2156 1164 2190 et
1192 2151 1381 2192 bonorum
1401 2152 1520 2193 libro-

168 2239 252 2263 rum
281 2223 439 2277 penuria
468 2235 488 2260 a
517 2236 579 2260 me
606 2222 759 2276 scripta.

272 2293 405 2332 Genus
432 2293 576 2346 ipsum,
614 2296 651 2331 in
680 2306 756 2346 quo
787 2292 937 2332 libellus
971 2299 1103 2333 noster
1132 2294 1362 2343 versabitur,
1398 2311 1516 2350 quum

170 2377 289 2418 prope
314 2363 499 2402 infinitum
526 2363 746 2410 dixerimus
774 2363 822 2403 ad
842 2363 1005 2403 eandem
1025 2364 1228 2405 definiendi
1246 2367 1515 2406 necessitatem

167 2434 414 2474 revolvimur.
452 2433 553 2473 Nam
580 2439 669 2487 post
689 2435 851 2473 arduum
879 2436 986 2475 illum
1007 2442 1045 2475 et
1064 2451 1186 2490 paene
1206 2437 1367 2477 Icarium
1386 2437 1516 2476 Peerl-

167 2504 306 2560 kampii
346 2502 537 2553 volatum,
580 2506 756 2559 quamvis
786 2504 979 2561 plerisque
1014 2508 1201 2562 ingeniosi
1238 2508 1308 2547 viri
1353 2507 1512 2548 audacia
