1669 2839
735 103 831 152 101-

105 225 337 272 levissimum
376 218 615 275 cognationis
654 219 859 273 vestigium
901 217 1188 273 deprehendere
1215 219 1346 272 possit,
1371 220 1444 259 nisi

104 294 422 355 cognata‘d'icere
449 290 563 338 velis,
599 304 697 345 quae
724 291 912 331 contraria
941 288 1046 334 sunt:
1088 289 1269 344 idemque
1295 292 1333 329 in
1360 290 1442 330 aliis

101 373 201 414 illius
226 361 490 424 philosophiae
515 361 610 403 locis
638 364 837 417 permultis
871 365 1007 404 evenit.
1064 362 1230 418 Quoquo
1248 363 1329 401 'nos
1356 376 1443 401 ver-

103 445 255 491 timus,
278 435 414 480 eodem
452 435 675 484 relabimur,
715 447 870 476 versum
906 435 1031 483 illum,
1077 434 1199 490 qualis
1240 448 1343 474 nunc
1375 439 1443 482 est,

102 528 221 571 quum
237 510 396 564 intelligi
422 521 498 547 non
524 508 656 561 possit,
683 510 759 546 non
786 509 901 562 posse
929 507 1082 547 tolerari
1100 508 1138 546 in
1158 507 1324 547 carmine
1352 508 1443 547 satis

104 585 279 642 eleganti.
325 596 330 600 ’

206 656 260 697 Ut
284 652 557 708 intelligamus,
600 652 690 706 quid
716 652 901 706 scriptum
931 650 1021 691 olim
1047 652 1176 699 fuerit,
1215 651 1262 691 ad
1290 650 1443 691 Stoicos

104 720 339 772 redeundum
359 738 569 779 eorumque
596 722 765 765 doctrina
794 723 842 763 de
870 720 1145 764 'vocabulorum
1173 728 1306 763 natura
1327 708 1442 779 atque

104 817 175 845 usu
215 797 452 855 respicienda
497 801 575 836 esu
619 795 675 835 Ea
713 798 752 836 in
786 797 1008 851 quaestione
1050 796 1154 851 quod
1193 797 1357 851 primum
1397 810 1443 837 ac

106 885 297 917 summum
324 869 535 925 ponebant,
563 869 601 910 id
628 882 704 910 non
731 870 956 911 invenerant
982 869 1069 923 ipsi,
1098 870 1165 909 sed
1194 869 1240 908 ab
1269 868 1442 910 Heracli-

104 948 174 987 teis
193 943 394 999 acceptum
412 942 632 983 tuebantur:
661 955 877 981 sermonem
895 940 1104 981 humanum
1117 938 1329 981 naturalem
1344 956 1441 990 esse,

104 1034 179 1061 non
206 1017 480 1072 impositivum‚
509 1012 631 1070 φύσει
659 1022 747 1055 e'um
766 1022 893 1055 ortum
913 1028 1009 1063 esse,
1037 1028 1112 1055 non
1134 1014 1265 1056 θέσει.
1303 1013 1443 1070 Neque

104 1098 231 1131 tamen
244 1089 330 1128 ideo
351 1086 399 1128 de
415 1088 632 1142 quotidiana
648 1086 828 1142 loquendi
842 1087 1117 1127 consuetudine
1139 1087 1345 1126 admodum
1360 1101 1441 1126 ma-

104 1162 240 1219 gnifice
267 1159 497 1200 sentiebant:
537 1160 614 1199 imo
641 1159 679 1199 in
698 1173 743 1199 ea
761 1160 813 1199 ita
839 1160 964 1199 omnia
985 1160 1164 1214 permista
1187 1173 1271 1199 esse
1294 1159 1441 1200 dictita-

106 1235 205 1283 bant,
229 1234 283 1273 ita
309 1231 538 1273 v'ocabulaa
559 1232 734 1287 primaria
761 1231 1035 1288 significatione
1056 1232 1215 1283 detorta,
1243 1233 1294 1272 ita
1314 1234 1440 1273 omnia

104 1307 232 1362 figuris
252 1311 290 1345 et
308 1305 488 1345 translate
503 1305 611 1345 dictis
638 1310 798 1353 scatere,
826 1311 868 1344 ut
891 1307 1012 1345 omnis
1042 1319 1166 1345 sermo
1182 1319 1202 1344 a
1217 1306 1373 1359 pristina
1394 1320 1439 1346 ac

103 1378 263 1421 naturali
285 1378 448 1433 puritate
474 1376 725 1433 degenerasse
747 1377 951 1417 videretur.
990 1375 1121 1432 Itaque
1148 1378 1268 1431 quum
1288 1378 1358 1432 ipsi
1379 1376 1442 1417 vel

104 1439 356 1507 loquebantur
382 1450 444 1489 vel
459 1449 682 1498 scribebant,
702 1464 750 1490 ne
775 1450 1035 1503 imprudentes
1062 1454 1277 1502 peccarent,
1304 1450 1443 1489 oratio-

106 1526 162 1565 nis
184 1538 324 1580 genere
344 1522 563 1570 utebantur,
592 1522 693 1576 quod
719 1522 855 1562 idoneo
882 1522 1131 1561 existimatori
1158 1522 1334 1574 ‘fortasse
1354 1521 1442 1561 sub-

108 1597 175 1636 tile
205 1601 244 1637 et
278 1600 381 1635 certe
422 1600 595 1642 acutum,
634 1594 702 1633 sed
731 1599 773 1632 ut
799 1595 836 1633 in
871 1599 1021 1633 oratore
1056 1593 1171 1641 exile,
1210 1594 1440 1642 inusitatum,

109 1661 317 1708 abhorrens
343 1668 389 1707 ab
419 1666 570 1706 auribus
598 1665 723 1721 vulgi,
751 1652 978 1712 obscurum,
1006 1666 1133 1713 inane,
1161 1665 1346 1705 ieiunum'
1385 1671 1443 1705 est

109 1742 233 1781 visum
259 1739 356 1791 (Cic.
385 1740 433 1781 de
461 1745 554 1779 orat.
581 1737 638 1786 ΙΙΙ,
668 1739 726 1778 18.
750 1740 826 1790 66),
855 1743 893 1777 et
917 1737 1099 1778 infinitam
1126 1743 1323 1793 praeterea
1351 1752 1443 1792 ope-

108 1827 189 1852 ram
226 1813 266 1853 in
304 1827 349 1853 eo
384 1810 592 1868 ponebant,
632 1813 680 1851 ut‘
708 1810 914 1851 verborum
954 1811 1118 1866 origines
1159 1817 1272 1866 atque
1315 1817 1442 1865 etyma

108 1886 399 1941 investigarent:
439 1886 490 1924 ita
519 1886 618 1925 enim
645 1897 691 1923 eo
718 1879 907 1938 perveniii
933 1896 1046 1937 posse
1073 1882 1366 1931 arbitrabantur,
1398 1888 1441 1922 ut

110 1958 263 1998 tandem
288 1957 490 2011 aliquando
525 1963 630 1997 certo
667 1954 857 1996 constaret
883 1955 929 1994 de
962 1955 1236 1996 vocabulorum
1262 1955 1300 1994 vi
1328 1960 1442 2009 atque

107 2042 193 2077 usu,
222 2034 259 2068 et
278 2016 532 2085 sua-singulae
561 2044 623 2070 res
649 2029 800 2069 nomina
828 2034 1108 2082 recuperarent.
1145 2027 1283 2083 Neque
1304 2028 1441 2076 mirum

109 2100 218 2141 nobis
245 2100 450 2149 videbitur,
479 2116 563 2150 eos,
604 2104 685 2157 ipsa
721 2102 793 2141 hac
821 2102 1012 2156 diligentia
1040 2100 1171 2149 elatos,
1198 2100 1336 2155 vulgus
1364 2115 1439 2141 non

110 2186 194 2213 raro
221 2173 473 2226 vituperasse,
509 2174 612 2227 quod
639 2175 683 2212 iis
713 2173 906 2213 vocabulis
935 2178 1079 2212 temere
1118 2178 1302 2219 uteretur,
1341 2187 1441 2226 quae

111 2245 180 2299 ipsi
214 2244 285 2292 rei,
325 2249 429 2283 recte
456 2245 688 2294 intellectae,
726 2247 879 2287 minime
913 2245 1200 2286 accommodata
1229 2250 1367 2293 essent,
1403 2252 1441 2286 et

110 2330 308 2372 perperam
335 2317 459 2371 potius
483 2317 546 2357 vel
565 2319 651 2357 ficta
677 2318 740 2358 vel
758 2319 908 2359 aliunde
936 2320 1050 2358 ascita
1069 2318 1298 2366 viderentur,
1327 2333 1440 2373 quam

115 2403 135 2428 a
174 2395 326 2438 natura,
377 2388 456 2429 sola
497 2403 676 2429 verorum
718 2391 993 2431 vocabulorum
1035 2395 1172 2438 matre,
1220 2397 1439 2432 monstrata.

117 2463 182 2502 Ac-
202 2463 276 2503 tale
304 2463 393 2519 quid
419 2463 457 2502 in
483 2462 641 2503 Horatio
675 2476 827 2517 quoque
855 2478 876 2503 a
903 2463 1137 2517 Damasippo
1171 2464 1442 2518 reprehensum

121 2548 217 2585 esse,
246 2551 362 2592 quum
390 2536 545 2578 scelus
572 2534 762 2592 appellare
788 2536 979 2576 videretur
1001 2533 1072 2585 id,
1098 2536 1201 2591 quod
1226 2538 1377 2592 proprio
1405 2543 1444 2578 et
