1669 2839
110 186 308 240 continuos
344 184 457 235 unius
479 180 663 238 -eelogaez
678 195 827 241 mersus
865 186 1000 236 quater
1030 180 1190 231 inveniri
1214 179 1438 243 meminerit,

111 265 176 309 sat.
202 256 244 300 ll.
270 258 306 299 2.
333 253 515 308 82—863
555 255 696 311 poterit
722 259 992 299 transcurrere.
1018 251 1125 294 volet
1164 256 1369 293 tenuatum.
1398 255 1437 292 et

107 333 271 374 tractari.
297 327 506 380 voletitibi.

210 402 291 444 Sat.
317 401 359 444 IL
387 402 422 440 7.
449 400 497 443 61
527 414 626 455 sqq.:

812 458 851 499 ff
932 478 1042 514 estne
1069 473 1201 533 marito

286 551 483 589 matronae
509 544 703 600 peccantis
729 544 767 584 in
795 543 907 584 ambo
933 545 1031 584 iusta
1058 542 1255 598 potestas?

269 618 322 663 vin
348 621 614 671 corruptorem
640 616 703 657 vel
728 615 874 659 iustior.
898 615 962 656 illa
988 621 1117 658 tamen
1145 630 1188 656 se

285 704 361 731 non
388 688 520 730 habitu
546 693 716 729 mutatve
740 688 841 737 loc0,
867 693 1053 743 peccatve
1079 702 1255 744 superne,

287 776 411 818 quum.
432 767 470 802 te
496 761 674 820 formidet
699 758 836 812 mulier
860 774 987 816 neque
1011 761 1145 805 credat
1169 761 1324 801 amanti.

104 835 290 888 Ultimum
314 834 452 876 horum
479 848 677 883 versuum,
704 847 818 890 quem
844 831 1010 875 Orellius
1033 847 1233 890 perperam
1260 847 1349 886 cum
1376 847 1437 874 se·

105 898 307 963 quentibus
325 908 585 958 coniunxerat,
603 907 651 946 ad
666 906 937 960 praecedentes
955 907 1197 953 referendum
1213 919 1310 953 esse,
1331 910 1436 947 recte

102 980 289 1029 intellexit
302 979 503 1034 Hauptius.
543 978 691 1019 Pendet
715 983 843 1018 tamen
870 984 909 1018 et
933 979 1016 1033 ipsa
1041 977 1138 1019 haec
1164 977 1379 1019 coniunctio
1397 982 1437 1017 et

104 1054 226 1092 omnis
264 1052 381 1092 totius
419 1050 494 1091 loci
525 1051 787 1105 interpretatio
814 1064 836 1090 e
862 1049 988 1090 verbis
1015 1054 1216 1105 ‘peccatve
1242 1050 1435 1104 superne',

104 1139 201 1179 quae
241 1139 360 1179 quum
399 1124 528 1164 dixero
556 1137 579 1163 a
612 1124 764 1164 nemine
802 1122 928 1163 adhuc
964 1123 1211 1178 probabiliter
1247 1123 1435 1178 explicata

105 1210 207 1244 esse,
247 1209 324 1236 non
352 1209 505 1243 vereor,
546 1209 595 1235 ne
620 1195 659 1235 id
686 1196 923 1250 arrogantius
957 1194 1097 1235 dixisse
1121 1195 1275 1235 iudicer.
1328 1194 1435 1250 Lege

102 1268 218 1309 modo
246 1267 344 1308 hanc
370 1266 501 1309 Orellii
527 1267 828 1308 adnotationem:
869 1267 947 1322 ⁴illa
971 1280 1129 1307 ‘morem
1169 1268 1433 1309 tantummodo

102 1341 169 1381 tibi
193 1342 302 1397 gerit,
329 1340 420 1381 dum
446 1354 522 1381 non
548 1344 585 1380 te
609 1340 690 1388 init,
717 1340 786 1381 sed
810 1340 985 1381 muliebri
1010 1340 1189 1395 patientia
1217 1354 1303 1380 sese
1330 1342 1435 1396 supi-

102 1419 169 1454 nat
195 1412 261 1453 tibi
288 1427 453 1468 superne
478 1414 640 1468 patranti
671 1416 902 1465 (βινοῧντι).’
919 1452 927 1461 ,
952 1412 1057 1454 Itane
1083 1411 1203 1453 vero?
1244 1415 1434 1454 Accurata

101 1485 278 1527 nimirum
304 1484 415 1526 lance
447 1500 544 1541 opus
573 1490 631 1525 est
657 1487 712 1534 ei,
747 1487 812 1541 qui
837 1487 909 1527 isto
937 1487 1052 1527 modo
1088 1487 1247 1526 virtutes
1272 1499 1318 1526 ac
1343 1487 1433 1527 vitia

101 1558 315 1611 ponderare
341 1557 465 1598 volet:
494 1558 597 1611 quod
616 1559 647 1597 si
665 1559 888 1611 perfecisset
907 1558 1097 1606 Horatius,
1123 1572 1196 1598 nae
1213 1559 1245 1597 is
1264 1560 1434 1599 omnium

103 1629 365 1677 casuistarum,
393 1642 490 1684 quos
517 1633 666 1676 vocant,
694 1629 870 1684 princeps
894 1628 1093 1676 habendus
1119 1634 1231 1677 esset.
1285 1629 1358 1670 Alii
1383 1631 1431 1673 ad

102 1702 269 1756 turpiora
302 1702 416 1764 etiam
456 1702 751 1750 descenderunt,
789 1702 984 1756 verbaque
1008 1700 1072 1741 illa
1108 1701 1161 1740 ita
1197 1702 1434 1757 interpretati

103 1778 191 1814 sunt
217 1787 358 1829 ⁸neque
388 1787 455 1814 ore
474 1786 622 1814 morem
650 1772 716 1815 tibi
742 1774 877 1830 gerit':
906 1779 945 1816 at
965 1773 1066 1830 quid,
1093 1772 1265 1823 obsecro,
1292 1774 1339 1815 ab
1358 1775 1433 1818 hoc

101 1844 194 1886 loco·
215 1846 372 1887 alienius
400 1845 488 1885 est?
528 1846 794 1903 Possum‘non
819 1860 942 1902 pauca
968 1835 1188 1901 opinionum
1215 1854 1432 1888 commenta

102 1917 185 1959 istis
210 1917 370 1962 addere:
397 1932 494 1970 nan),
513 1919 545 1959 si
571 1919 618 1959 ab
645 1919 690 1960 iis
718 1920 947 1967 discesseris,
975 1918 1038 1973 qui
1064 1923 1103 1958 et
1129 1916 1219 1957 olim
1246 1918 1336 1959 satis
1361 1918 1431 1960 ha-

102 1976 363 2029 bebant‘alios
390 1992 638 2045 exscripsisse
666 1997 705 2032 et
728 2006 830 2032 nunc
856 1993 947 2032 satis
973 1990 1124 2039 habent,
1152 1991 1288 2046 singuli
1307 2006 1430 2047 paene

101 2059 326 2113 interpretes
352 2075 440 2102 suas
459 2067 497 2102 et
521 2063 634 2118 plane
660 2078 780 2105 novas
807 2063 1078 2119 explicationes
1105 2062 1355 2118 protulerunt,
1384 2079 1430 2107 ac

102 2130 212 2170 binas
233 2132 423 2172 interdum
456 2135 603 2191 singuli.
655 2136 800 2190 Taedet
826 2141 864 2175 et
889 2137 994 2191 piget
1027 2136 1163 2176 diutius
1188 2137 1226 2176 in
1252 2137 1297 2176 iis
1323 2151 1429 2178 com-

102 2202 259 2243 morari:
285 2205 499 2257 suntenim
525 2212 672 2249 tantum
698 2222 774 2249 non
800 2221 934 2262 omnes
961 2222 1011 2249 ex
1034 2208 1173 2250 intimis
1200 2208 1431 2267 vulgivagae

82 2275 262 2318 'Veneris
286 2276 542 2330 penetralibus
568 2282 761 2334 repetitae.
802 2281 948 2332 Quodsi
974 2280 1050 2321 ulla
1078 2295 1127 2320 ex
1147 2281 1192 2320 iis
1205 2277 1297 2322 vera
1317 2290 1430 2334 esset,

102 2347 281 2389 Horatius
307 2346 405 2388 hanc
431 2350 585 2389 satiram
604 2352 694 2392 solis
716 2354 1061 2401 moechislcentum
1079 2354 1217 2394 artium
1232 2356 1430 2411 scripsisse

105 2420 317 2461 censendus
335 2420 443 2468 foret,
461 2420 532 2461 nisi
551 2422 650 2463 forte
668 2425 783 2465 ctiam
798 2426 1000 2480 antiquitas
1018 2439 1109 2466 suos
1123 2425 1300 2469 Sanctios
1315 2428 1429 2476 (San-

52 2486 55 2489 ’
103 2491 211 2545 chez)
238 2492 379 2544 habuit,
405 2494 479 2550 qui,
505 2493 587 2536 sola
606 2496 763 2538 scientia
781 2498 970 2547 delectati,
995 2499 1059 2542 vel
1077 2501 1294 2544 foedissima
1312 2515 1429 2559 quae-
