1669 2839
863 0 898 17 h-

791 28 793 31 .
853 28 872 39 ,r
899 31 902 33 ,

801 25 896 107 [ᾖ

175 155 250 226 que
277 155 428 213 curiose
452 155 698 213 rimabantur.
745 172 1049 229 Neutris·³³qm1m
1074 172 1139 216 ille
1158 156 1388 231 scripserit,¹
1415 168 1523 231 pos't-

175 259 291 300 quam
318 241 421 286 irrita
450 246 519 286 fuit
545 246 794 300 interpretum
823 260 952 306 opera,
982 254 1005 286 a
1021 245 1102 288 sola
1124 248 1260 289 critica
1288 255 1371 290 arte
1391 249 1523 309 iel-ex-

175 320 340 373 spectari
367 318 524 373 poterit,
565 331 641 372 quo
680 320 847 359 maxime
876 315 973 374 opus
1002 325 1077 359 est:
1117 334 1242 375 neque
1270 321 1455 375 despero,
1492 321 1523 361 si

174 405 251 431 non
277 390 390 444 plane
419 395 540 438 certa,
581 396 620 430 at
648 391 847 469 probsgile
878 397 1018 444 tamen.
1039 392 1365 447 aliquid'inveniri
1392 407 1518 448 posse.

175 462 340 502 Constat
379 463 480 504 enim
513 477 592 518 ‚per
635 477 770 504 omnes
812 463 900 504 illos
939 478 1074 504 versus
1107 469 1323 504 matronam
1354 464 1518 505 moecho

174 537 337 591 opponi:
358 535 552 576 moechus
571 537 768 592 ‘proiectis
783 523 1005 593 insignibus,
1026 536 1166 578 annulo
1182 538 1359 591 equestri,
1375 536 1519 577 Roma-

172 622 303 663 noque
330 607 478 648 habitu’
506 611 557 658 (v.
586 608 651 658 53)
685 614 790 649 totus
824 623 875 649 ex
901 609 1028 668 equite
1055 622 1190 649 servus
1218 608 1269 657 fit,
1300 622 1346 649 ac
1372 607 1436 650 vel
1465 610 1518 649 sic

173 686 350 721 metuens
371 681 418 721 ad
439 681 651 722 adulteram
678 682 948 733 intromittitur.
989 681 1175 729 Matrona,
1204 681 1354 722 etiamsi
1371 687 1518 737 peccat,

173 758 310 807 peccat
337 758 465 793 tamen
493 753 688 807 aliquanto
715 753 929 793 honestius:
965 767 1059 806 ⁴non
1086 754 1243 808 deponit
1273 755 1517 807 ingenuitatis

170 824 361 880 insignia’,
387 828 429 865 u't
449 826 501 865 ait
523 823 768 880 cruquianus
790 831 1082 875 commentator,
1109 840 1185 866 non
1206 826 1401 866 descendit
1420 826 1516 866 infra

173 911 261 936 eum
282 896 423 944 locum,
450 911 527 950 quo
548 905 586 937 et
603 899 684 952 ipsa
702 903 740 938 et
753 899 911 938 maritus
929 899 1077 952 positus
1092 903 1168 947 est;
1193 898 1332 938 metuit
1353 898 1516 951 denique

172 968 439 1010 advenientem
466 970 651 1010 amasium
692 985 817 1025 neque
858 971 949 1010 satis
975 970 1028 1011 illi
1056 970 1146 1011 fidit.
1201 969 1282 1010 Cur
1308 970 1452 1010 diffidat
1478 975 1516 1010 et

172 1042 261 1095 quid
287 1043 529 1097 potissimum
566 1048 742 1091 metuat,
773 1057 890 1097 quum
918 1044 1155 1098 quaerimus,
1197 1044 1415 1097 responsio,
1443 1043 1514 1081 nisi

170 1112 298 1162 fallor,
338 1120 470 1168 parata
511 1120 579 1155 est.
634 1115 824 1155 servilem
866 1117 966 1155 enim
993 1115 1153 1156 adulteri
1181 1114 1351 1155 habitum
1394 1128 1514 1168 quum
1584 1130 1590 1135 ’

171 1186 323 1235 viderit,
359 1186 471 1228 dubia
500 1186 649 1236 haeret,
677 1193 807 1228 utrum
833 1194 1082 1243 personatum
1110 1202 1265 1229 servum
1291 1187 1438 1235 videat,
1465 1200 1513 1226 an

172 1273 319 1308 verum,
347 1261 411 1314 qui
434 1261 635 1300 occasione
665 1267 815 1315 arrepta
845 1261 996 1301 domina
1019 1263 1089 1302 frui
1104 1261 1207 1308 velit,
1236 1261 1339 1316 quod
1360 1260 1513 1314 quidem

172 1346 218 1372 eo
242 1333 363 1388 magis
391 1333 524 1374 timere
546 1339 706 1389 poterat,
736 1335 913 1388 quoniam
934 1335 1084 1389 peccati
1102 1335 1311 1377 ministram
1335 1331 1512 1373 ancillam

171 1404 337 1444 habebat
365 1408 415 1456 (v.
445 1408 523 1457 60).
578 1406 649 1446 Est
675 1413 804 1446 autem
832 1422 925 1448 suae
953 1408 1145 1462 dignitatis
1172 1408 1223 1446 ita
1250 1406 1321 1445 sibi
1340 1406 1510 1452 conscia,

172 1482 215 1518 ut
241 1477 389 1518 servilis
417 1478 641 1519 concubitus
670 1493 862 1519 summum
880 1480 951 1533 ipsi
973 1493 1018 1519 ac
1039 1480 1299 1534 turpissimum
1327 1478 1511 1532 flagitium

170 1550 355 1590 videatur.
409 1549 538 1604 ltaque
580 1551 703 1590 donec
737 1552 860 1605 ipsam
900 1550 1060 1590 adulteri
1094 1552 1252 1605 propius
1292 1551 1511 1590 accedentis

170 1622 307 1663 faciem
325 1624 513 1679 conspicit
541 1629 655 1678 atque
683 1624 866 1679 agnoscit,
895 1638 953 1673 eo,
980 1625 1050 1664 nisi
1073 1639 1134 1664 me
1156 1623 1250 1663 saliit
1279 1624 1510 1672 coniectura,

169 1694 279 1735 vultu
306 1703 528 1750 suspectum
556 1696 751 1737 hominem
777 1698 962 1744 intuetur,
1005 1710 1081 1751 quo
1109 1696 1256 1737 nobiles
1283 1697 1420 1736 intueri
1448 1710 1510 1736 so—

169 1769 249 1809 lent
275 1768 554 1810 homunciones
572 1769 687 1825 longe
713 1770 808 1809 infra
831 1784 873 1809 se
892 1771 1050 1823 positos,
1079 1779 1197 1822 quum
1224 1770 1381 1809 interest
1408 1770 1510 1823 ipso-

168 1856 274 1889 rum,
314 1855 363 1881 ne
391 1841 621 1881 insolescant
662 1840 884 1883 humiliores
908 1855 1006 1880 neve
1034 1840 1325 1887 obliviscantur,
1366 1846 1506 1893 quanto

167 1916 366 1956 inferiores
404 1914 488 1955 sint.
539 1913 635 1954 Tale
670 1913 760 1969 quid
802 1928 918 1967 quum
947 1912 1124 1953 Horatio·
1147 1912 1349 1953 dicendum
1390 1914 1507 1954 fuisse

169 1988 336 2036 credam,
363 1987 447 2042 ipsa
475 1987 557 2027 eius
584 1986 702 2027 verba
730 1985 832 2026 haud
860 1986 939 2026 scio
968 1999 1016 2025 an
1043 1984 1140 2024 haec
1169 1985 1326 2025 fuerint:

928 2058 991 2099 illa
1018 2063 1146 2098 tamen
1175 2072 1216 2097 se

269 2147 346 2174 non
374 2132 504 2173 habitu
530 2138 701 2173 mutatve
728 2132 836 2180 loco,
862 2136 1145 2186 spectatque
1173 2144 1389 2185 superne,

271 2219 388 2260 quum
416 2211 454 2246 te
481 2205 658 2246 formidet
684 2204 819 2245 mulier
845 2219 970 2260 neque
998 2203 1128 2244 credat
1155 2204 1305 2252 amanti.
1351 2219 1353 2222 ’

168 2285 431 2335 peccatque
457 2279 493 2318 in
523 2276 725 2318 collatione
753 2277 917 2318 Saxiana
958 2277 1091 2323 fuisse,
1131 2276 1237 2314 testis
1272 2281 1330 2315 est
1358 2275 1504 2316 Gesne-

167 2366 251 2400 rus,
293 2357 406 2406 atque
437 2357 571 2393 notum
605 2365 737 2392 earum
771 2356 828 2391 est
863 2349 1134 2405 particularum
1176 2349 1503 2390 confusionem'in

168 2424 384 2465 Horatianis
412 2439 561 2480 quoque
589 2423 784 2465 codicibus
811 2425 933 2478 paene
960 2421 1171 2462 sollennem
1199 2435 1295 2461 esse.
