1669 2839
722 90 823 154 '5145

92 225 201 267 “esse
236 222 414 269 Horatio,
455 219 556 275 quod
587 219 765 262 ,Scaeva
787 220 900 264 matri
931 231 1095 261 manum
1133 223 1210 258 non
1247 218 1445 259 intulisset.

110 294 370 350 ltaquequod
397 291 533 342 abillo
561 291 819 333 discesserunt
845 291 1230 337 recentiores„,recte
1254 292 1442 331 fecerunt:

111 382 239 423 neque
266 372 394 407 tamen
413 362 534 403 multo
552 360 805 417 probabiliora
825 361 1033 401 effecerunt
1048 362 1132 415 ipsi.
1172 359 1275 401 Nam
1293 367 1336 400 ut
1353 361 1444 402 nihil

107 440 234 480 dicam
261 438 309 478 de
337 435 506 478 Goelleri
547 434 767 480 coniectura
802 435 967 489 mirum
1000 434 1129 487 quin,
1169 421 1270 487 quae
1292 434 1445 481 nemini,

60 515 63 518 ’
109 516 293 566 quantum
320 510 418 556 scio,
444 507 605 563 placuit,
631 505 762 546 Orellii
788 506 883 546 ratio
911 504 1041 546 locum
1065 505 1118 544 ita
1144 506 1443 560 interpretantis:

107 597 249 638 ⁴aeque
275 582 414 623 mirum
439 585 498 620 est
524 580 598 622 hoc
625 584 740 633 atque
772 578 883 626 illud,
910 578 1033 633 quod
1060 579 1232 633 —petit
1257 577 1345 617 bos'
1373 578 1444 618 etsi

108 654 267 709 probata
309 658 376 693 est·
404 665 481 694 non
521 652 670 706 paucis,
712 650 801 691 mihi
834 666 883 692 ne
906 650 1125 691 tolerabilis
1157 650 1311 705 quidem
1337 650 1445 690 vide·

110 731 181 765 tur.
222 725 298 775 Qui
317 725 418 764 enim
439 723 568 770 credit,
597 737 683 763 eam
699 724 841 777 poetici
866 724 1053 764 sermonis
1073 722 1296 770 brevitatem
1315 723 1443 769 fuisse,

107 803 151 837 ut
175 802 324 853 poetae,
352 809 470 850 quum
497 795 614 836 vellet
642 796 788 836 dicere:
816 794 870 848 ‘id
887 795 939 834 ita
959 795 1095 834 mirum
1116 799 1184 842 est,
1211 798 1253 833 ut
1279 794 1441 843 mirum

108 872 180 906 est
206 866 328 920 quod
355 867 425 906 bos
453 867 567 906 dente
594 881 670 907 non
698 867 820 921 petit’,
852 866 948 907 haec
976 866 1144 906 scrib‘ere
1169 865 1318 905 liceret:
1355 867 1443 919 ‘rni-

108 952 192 978 rum
215 943 258 977 ut
286 938 355 977 bos
374 939 488 979 dente
514 953 591 983 non
619 939 739 994 petit’,
768 939 802 979 ei
821 938 1101 993 desperandum
1128 952 1205 977 non
1232 943 1301 986 est,
1328 951 1443 992 posse

107 1007 156 1049 ex
183 1010 320 1063 quovis
347 1009 449 1064 ligno
478 1009 710 1050 Mercurium
737 1009 828 1049 fieri.
871 1009 1062 1050 Codicum
1088 1011 1315 1064 scripturam
1342 1008 1441 1048 hanc

108 1095 222 1121 unam
262 1081 423 1122 arbitror
463 1082 761 1137 explicationemv
795 1082 1012 1130 admittere,
1052 1087 1094 1122 ut
1119 1082 1167 1122 ad
1201 1081 1441 1122 decantatam

105 1152 210 1194 illam
237 1152 441 1207 εἰρωνείαν
469 1155 735 1210 confugiamus
769 1160 1000 1209 poetamque
1032 1155 1140 1195 aliter
1167 1154 1307 1193 dixisse
1334 1153 1442 1193 aliter

107 1226 271 1266 sensisse
298 1233 522 1267 statuamus
576 1227 663 1278 Quo
699 1228 800 1267 facto
835 1227 930 1267 haec
958 1228 1037 1267 fere
1073 1228 1256 1267 sententia
1285 1227 1441 1267 evadet:

107 1296 274 1349 ‘Scaeva
302 1305 462 1338 matrem
487 1313 564 1338 non
591 1299 749 1338 occidit:
788 1300 879 1352 quid
916 1299 1091 1339 miraris?
1131 1301 1269 1339 mirum
1295 1299 1442 1338 scilicet

107 1375 182 1417 est,
223 1371 327 1424 quod
354 1371 467 1425 lupus
494 1372 686 1411 neminem
714 1370 820 1410 calce
846 1372 1086 1427 adgreditur.'
1140 1370 1196 1410 Ea
1223 1384 1316 1410 vero
1345 1371 1441 1411 ratio

104 1441 336 1497 perobscura
365 1448 433 1490 est,
460 1456 586 1496 neque
613 1443 742 1491 credo,
768 1445 818 1482 ita
838 1444 1071 1497 scripturum
1094 1444 1209 1482 fuisse
1228 1442 1442 1490 Horatium,

105 1528 223 1567 quum
249 1515 288 1555 in
314 1521 493 1570 promptu
520 1520 633 1564 esset,
657 1517 741 1570 ipso
768 1514 833 1556 il-lo
862 1516 1052 1563 scilicet
1075 1515 1440 1572 >additolegentibus

100 1586 372 1640 interpretandi
386 1588 486 1626 viam
501 1594 725 1627 monstrare.
769 1588 846 1628 Vix
865 1589 978 1643 igitur
997 1589 1140 1635 dubito,
1168 1590 1258 1642 quin
1278 1589 1437 1627 eaedem

104 1658 166 1699 hic
192 1659 400 1713 particulae
426 1665 666 1714 permutatae
694 1660 779 1709 sint,
804 1675 905 1715 quae
933 1665 1080 1702 tantum
1098 1674 1173 1700 non
1193 1660 1334 1715 ubique
1352 1673 1439 1715 per-

105 1736 310 1780 mutantur,
339 1737 519 1785 totusque
546 1732 655 1772 locus
681 1734 733 1771 ita
761 1733 874 1772 scribi
901 1733 1058 1773 debeat:

468 1804 642 1845 Scaevae
669 1805 844 1845 vivacem
872 1805 987 1845 crede
1014 1806 1144 1859 nepoti

158 1881 330 1923 matrem,
358 1875 409 1915 nil
438 1877 551 1916 faciet
579 1877 734 1918 sceleris
761 1878 821 1931 pia
850 1877 1006 1916 dextera
1033 1879 1206 1926 (mirumz

155 1952 200 1987 at
226 1961 351 2002 neque
378 1947 486 1988 calce
511 1948 626 2003 lupus
654 1962 897 2003 quemquam,
925 1963 1050 2003 neque
1077 1949 1189 1989 dente
1216 1949 1302 1988 serit
1328 1948 1414 1999 bos)

157 2020 225 2060 sed
253 2018 351 2060 mala
379 2020 489 2060 tollet
515 2035 631 2061 anum
658 2021 788 2060 vitiato
817 2020 931 2060 melle
958 2022 1094 2060 cicuta.

106 2091 144 2132 ln
171 2093 309 2147 quibus
336 2093 438 2147 quod
466 2099 511 2133 at
538 2099 576 2133 et
603 2093 683 2133 sed
711 2107 752 2132 se
780 2094 986 2147 excipiunt,
1013 2094 1050 2133 id
1079 2099 1183 2134 recte
1210 2094 1439 2149 displiceret,

106 2166 137 2204 si
165 2167 318 2206 omnino
352 2167 490 2205 satirae
518 2165 750 2207 Horatianae
776 2165 825 2205 ad
852 2166 1046 2219 perfectae
1081 2172 1117 2206 et
1151 2172 1440 2207 consummatae

107 2237 317 2292 elegantiae
345 2254 518 2280 normam
546 2239 757 2295 exigendae
786 2244 930 2287 essent,
969 2239 1071 2294 quod
1106 2240 1298 2294 aliquanto
1327 2254 1440 2280 secus

105 2324 147 2350 se
166 2309 298 2353 habet:
327 2312 539 2354 obscuritas
566 2312 671 2356 nulla
688 2313 777 2354 inde
791 2313 926 2365 oritur,
955 2325 1072 2366 quum
1092 2316 1170 2351 tota
1190 2312 1440 2368 παρένθεσις

106 2382 283 2424 facillime
308 2399 330 2425 a
358 2387 497 2425 ceteris
522 2386 783 2439 distinguatur.
1265 2432 1268 2434 ¹

209 2454 409 2510 Ingeniose
449 2461 488 2496 at
522 2454 758 2514 subobscure
785 2456 965 2496 Horatius
1002 2457 1169 2510 equitem
1208 2472 1294 2499 cum
1335 2471 1435 2511 equo

107 2522 386 2578 colloquentem
415 2528 613 2581 descripsit
640 2528 748 2582 epist.
774 2528 800 2568 Ι.
832 2529 888 2568 15.
920 2530 962 2567 ll
994 2543 1093 2583 sqq.:
