1669 2839
803 131 860 175 10

151 236 416 276 recensionem
444 242 659 291 spectasse:
689 253 778 277 num
806 246 911 279 recte
940 240 988 279 de
1016 235 1107 279 solis
1134 240 1365 281 carminibus
1394 241 1501 297 cogi·

151 308 333 357 taverint,
369 322 603 364 magnopere
638 309 783 350 dubito.
835 309 949 359 Arid
975 311 1101 364 ipsum
1137 310 1335 365 permultis
1362 325 1497 366 parum

151 379 334 420 credibile
362 380 487 420 visum
513 380 558 418 iri
587 380 776 429 existimo,
804 395 1039 436 quemquam
1064 396 1230 436 unquam
1250 384 1301 422 ita
1328 383 1391 423 vel
1414 385 1497 424 ‚otio

150 454 320 492 caruisse
339 452 402 491 vel
420 451 560 491 laboris
586 452 849 507 impatientem
877 454 1005 500 fuisse,
1033 459 1074 493 ut
1094 468 1143 493 ex
1163 459 1241 494 tam
1260 468 1336 495 non
1355 469 1496 511 magno

150 523 344 562 volumine
359 528 508 576 partem
528 524 599 563 sibi
617 525 854 563 tractandam
872 526 1086 578 sumpserit,
1102 526 1248 580 reliqua
1266 541 1313 565 ne
1330 528 1497 581 attigerit

149 594 316 647 quidem.
356 593 487 634 Debet
505 596 543 635 id
571 610 662 635 sane
689 596 911 635 incredibile
940 595 1070 643 videri,
1099 596 1129 635 si
1150 611 1231 636 rem
1259 602 1389 636 nostra
1415 602 1494 636 stu-

148 665 299 704 diorum
327 666 548 704 assiduitate
576 671 692 719 atque
720 668 932 705 constantia
960 668 1151 715 metimur,
1178 668 1245 708 sed
1279 668 1493 707 cedendum

148 736 279 789 utique
299 741 357 775 est
378 741 416 775 et
435 736 609 790 ipsorum
636 737 845 777 verborum
872 738 1033 791 ponderi
1054 743 1091 777 et
1110 738 1343 778 similitudini
1362 752 1493 777 exem-

148 806 311 859 plorum.
364 806 469 846 Idem
497 808 616 854 enim,
656 809 760 861 quod
787 809 824 847 in
853 815 984 849 nostro
1013 810 1207 849 consulari
1234 812 1426 857 miramur,
1454 811 1491 849 in

147 877 317 933 Vergilio
344 879 584 919 recensendo
613 879 771 919 sactum·
791 886 851 920 est
878 881 925 921 ab
952 880 1065 921 Rufio
1092 880 1234 921 Turcio
1263 881 1492 935 Aproniano,

143 951 208 1004 qui
233 951 317 1004 ipse
336 963 490 1003 quoque
518 950 771 990 clarissimatu
798 953 957 1005 insignis
984 954 1064 991 suit.
1113 953 1237 991 Cuius
1261 953 1491 1006 subscriptio

143 1036 260 1075 quum
276 1027 364 1076 post
383 1020 565 1060 Bucolica
594 1023 718 1075 posita
747 1024 805 1069 sit,
832 1024 870 1061 in
891 1022 1091 1077 Georgicis
1117 1028 1245 1062 autem
1273 1028 1389 1077 atque
1415 1024 1490 1062 Ae-

143 1093 255 1131 neide
282 1087 428 1131 nulluni
454 1094 535 1131 eius
556 1094 760 1146 vestigium
781 1100 1013 1147 compareat,
1042 1100 1190 1133 certum
1211 1107 1297 1133 esse
1317 1092 1489 1139 arbitror,

141 1169 265 1217 ipsam
294 1165 375 1202 eius
404 1179 562 1217 operam
582 1164 857 1203 Bucolicorum
886 1164 980 1204 fines
1008 1178 1084 1204 non
1113 1165 1337 1211 excessisse,
1363 1177 1488 1216 neque

139 1237 346 1289 quicquam
364 1235 411 1273 ab
432 1236 487 1281 iis,
517 1236 581 1288 qui
601 1235 710 1274 aliter
730 1237 908 1281 sentiunt,
936 1235 1093 1273 allatum
1114 1236 1238 1280 video,
1266 1235 1370 1288 quod
1389 1234 1487 1272 hanc

141 1307 432 1359 persuasionem
458 1305 674 1345 labefactet.
718 1305 935 1345 Provocant
961 1306 1009 1345 ad
1035 1305 1169 1345 lulium
1197 1305 1394 1353 Sabinum,
1423 1305 1487 1358 qui

140 1392 216 1417 non
245 1391 332 1416 raro
364 1376 411 1415 ad
438 1376 631 1414 Aeneidos
660 1390 796 1415 versus
825 1376 871 1415 de
899 1377 1104 1430 Aproniani
1133 1377 1318 1429 scriptura
1346 1375 1487 1428 aliquid

138 1450 398 1503 adscripserit,
442 1447 490 1486 de
518 1447 712 1486 Bucolicis
751 1452 879 1486 autem
917 1449 1108 1487 disserens
1137 1447 1343 1501 Aproniani
1371 1447 1485 1486 etiam

136 1511 474 1574 interpretamenta
505 1518 687 1558 nonnulla
717 1525 1017 1557 commemoret:
1048 1524 1086 1557 at
1112 1519 1212 1557 istud
1241 1519 1395 1573 quidem
1424 1532 1484 1557 ar-

136 1596 364 1647 gumentum
393 1605 509 1645 quam
539 1604 615 1629 non
646 1589 813 1629 validum
843 1590 891 1628 sit
918 1596 1087 1643 apparet.
1128 1590 1232 1629 Num
1252 1589 1483 1636 mirabimur,

134 1663 270 1701 Iulium
298 1663 405 1701 illum
433 1663 638 1708 Sabinum,
673 1663 845 1714 quisquis
887 1662 973 1708 fuit,
1013 1662 1150 1701 eodem
1178 1663 1294 1702 modo
1324 1676 1482 1708 errasse,

135 1747 212 1788 quo
243 1733 482 1787 erravitipse
501 1731 712 1777 Bentleius,
742 1735 795 1778 ut,
824 1746 924 1784 quae
951 1733 988 1770 in
1008 1731 1105 1771 libro
1133 1733 1183 1770 ita
1212 1733 1334 1783 posita
1362 1737 1482 1780 erant,

134 1811 176 1843 ut
198 1806 244 1843 ad
273 1810 422 1857 partem
450 1804 535 1842 libri
562 1802 761 1841 referenda
791 1809 930 1850 essent,
959 1809 1105 1843 temere
1125 1805 1172 1843 ad
1192 1809 1316 1843 totum
1343 1803 1482 1843 librum

132 1877 325 1932 pertinere
353 1872 602 1929 opinaretur?
630 1887 706 1927 quo
735 1874 942 1912 commisso
970 1888 1112 1921 errore,
1140 1875 1171 1913 si
1189 1876 1226 1913 in
1252 1875 1310 1913 sui
1338 1875 1483 1913 codicis

133 1949 303 2000 margine
332 1946 478 1986 scholia
506 1959 760 1998 quaecunque
789 1946 929 1997 scripta
959 1946 1127 1992 videbat,
1163 1960 1290 1985 nonne
1318 1960 1481 1985 consen·

130 2024 288 2057 taneum
317 2017 398 2063 suit,
426 2021 467 2054 ut
494 2015 557 2053 illa
593 2028 749 2068 quoque
783 2014 831 2053 ad
860 2015 1122 2068 Apronianum
1156 2016 1331 2061 referret,
1371 2017 1480 2054 cuius

129 2092 166 2128 in
183 2102 303 2142 regno
320 2093 424 2126 totus
444 2087 514 2125 sibi
534 2086 678 2124 versari
698 2085 925 2125 videbatur?
953 2086 1196 2139 Quamquam
1217 2087 1265 2125 de
1284 2099 1480 2125 commen-

129 2160 225 2199 tario
253 2160 327 2198 isto
356 2157 465 2197 aliter
492 2156 649 2196 iudicari
678 2168 795 2209 posse
821 2145 1006 2234 ἱηῃο.
1053 2157 1135 2195 Cur
1169 2157 1269 2194 enim
1305 2168 1382 2195 non
1409 2170 1479 2209 po-

129 2232 244 2269 tuerit
271 2230 515 2284 Apronianus
541 2229 579 2266 in
607 2227 802 2267 Bucolicis
828 2225 931 2267 idem
956 2219 1000 2267 'et
1026 2228 1200 2267 criticum
1227 2239 1342 2280 agere
1367 2231 1406 2265 et
1422 2226 1481 2266 in-

131 2306 355 2354 terpretem,
398 2300 624 2354 praesertim
653 2313 771 2353 quum
807 2298 930 2337 simile
957 2299 1138 2352 quiddam
1167 2298 1215 2337 de
1243 2296 1293 2336 Μ.
1323 2296 1478 2336 Valerio

132 2372 261 2411 Probo
303 2372 515 2425 significare
558 2371 735 2411 videatur
774 2370 1000 2418 Suetonius,
1048 2385 1167 2423 quum
1207 2369 1314 2409 illum
1360 2367 1477 2408 multa

129 2443 364 2497 exemplaria
393 2448 589 2482 contracta
619 2443 826 2482 emendare
856 2455 902 2481 ac
930 2442 1164 2495 distinguere
1184 2447 1221 2480 et
1245 2440 1477 2480 adnotare

129 2529 285 2556 curasse
315 2515 427 2553 tradit
456 2518 630 2567 (gramm.
658 2513 751 2563 24)‘?
782 2513 928 2553 Vereor
957 2519 1084 2552 tamen
1114 2527 1162 2552 ne
1189 2512 1306 2552 fallax
1333 2512 1381 2550 sit
1400 2489 1479 2551 >na
