1669 2839
814 81 913 126 138

187 194 340 246 aliquiS,
367 193 490 233 Flavii
516 193 614 232 illius
645 191 846 239 Venusini,
875 194 922 231 ad
951 207 1064 245 quem
1093 195 1200 246 pueri
1228 194 1373 233 itabant
1399 194 1524 243 ‘laevo

186 265 362 319 suspensi
403 264 550 303 loculos
589 262 835 317 tabulamque
875 263 1036 304 lacerto'
1085 267 1169 316 (sat.
1197 264 1223 304 I.
1264 266 1297 303 6.
1327 266 1410 317 74),
1434 278 1525 305 non

186 337 300 391 plane
328 336 527 383 dissimilis,
556 350 644 375 cum
667 336 860 390 ⁴discipulo
889 335 1112 390 colloquens
1138 338 1329 391 inducitur
1355 337 1413 376 his
1441 350 1526 377 ver-

189 409 292 449 sibus
320 411 369 458 (ν.
398 408 475 446 326
503 410 617 461 sqq.):
1108 396 1113 401 ⁵

544 506 546 508 -
939 513 943 517 .
962 481 1081 532 ‘dicat

343 553 440 593 filius
471 552 607 600 Albini,
636 554 665 591 si
695 553 742 591 de
770 554 982 606 quincunce
1009 559 1156 592 remota
1186 561 1242 594 est

343 627 467 672 uncia,
496 625 584 678 quid
614 624 795 677 superat?
820 630 975 678 poteras
1003 625 1168 664 dixisse.¹
1193 627 1349 678 ‘ti-iens]
1377 642 1441 679 ‘eu

342 711 425 736 rem
454 696 596 750 poteris
624 709 779 743 servare
806 701 921 734 tuam.
950 696 1049 735 redit
1076 698 1196 744 uncia,
1226 698 1315 751 quid
1344 697 1426 736 fit‘?'

343 770 500 822 ‘semiss

187 845 226 884 ln
256 844 394 898 quibus
435 841 729 894 interpretandis
770 854 886 893 quum
923 854 998 880 non
1023 841 1147 881 -facile
1175 844 1236 889 sit,
1278 843 1395 881 verba
1430 844 1527 882 inter

188 917 413 969 magistrum
433 926 479 950 ac
506 910 733 964 discipulum
761 912 811 948 ita
841 911 1078 959 distribuere,
1105 918 1145 951 ut
1164 913 1254 952 nihil
1280 927 1404 967 neque
1432 914 1528 952 desit

187 1001 314 1040 neque
342 985 519 1037 supersit,
546 988 633 1036 post
652 982 794 1021 multos
814 984 980 1040 priorum
1009 998 1157 1024 errores
1176 991 1321 1025 rectam
1341 988 1526 1025 rationem

188 1057 376 1096 Orellium
412 1060 450 1094 et
476 1053 688 1107 Hauptium
730 1058 884 1092 secutos
926 1068 1010 1093 esse
1045 1055 1222 1095 arbitror:
1265 1057 1366 1110 quod
1401 1061 1527 1103 restat,

186 1130 380 1183 aliquanto
407 1127 529 1166 levius
559 1131 626 1164 est.
667 1125 736 1164 His
752 1127 851 1185 enim
872 1133 1042 1181 ‘poteras
1058 1128 1216 1167 dixisse'
1239 1130 1274 1167 in
1295 1130 1421 1182 pueris
1442 1143 1528 1167 eru-

186 1200 333 1240 diendis
346 1212 450 1238 nunc
471 1198 585 1237 etiam
606 1196 706 1236 haud
729 1212 814 1237 raro
837 1200 989 1247 utimur,
1011 1200 1079 1240 sed
1100 1202 1241 1240 utimur
1260 1206 1339 1239 tum
1361 1200 1527 1247 demum,

186 1288 304 1327 quum
320 1273 404 1326 quis
423 1285 469 1310 ea
487 1272 562 1309 iam
583 1273 621 1309 in
637 1277 837 1310 numerato
857 1286 932 1311 non
947 1272 1073 1319 habet,
1090 1286 1191 1325 quae
1211 1272 1300 1312 olim
1319 1273 1528 1326 perdidice—

185 1351 253 1393 rat,
291 1349 357 1383 aut
383 1343 583 1382 videbatur
612 1348 716 1382 certe
744 1343 1021 1397 perdidicissem
1045 1343 1145 1383 {nest
1172 1345 1285 1399 igitur
1313 1346 1350 1384 in
1379 1358 1422 1383 ea
1452 1345 1528 1383 for-

186 1417 291 1456 mula
317 1417 412 1454 lenis
449 1415 511 1454 vel
546 1416 731 1453 tarditatis
760 1415 821 1453 vel
850 1415 1013 1455 levitatis
1051 1416 1313 1468 reprehensio,
1355 1430 1453 1469 quae
1481 1416 1527 1454 ab

187 1489 261 1529 hoc
290 1489 376 1528 loco
406 1487 527 1526 aliena
541 1487 715 1533 ,videtur,
744 1500 862 1540 quum
890 1500 995 1539 puer,
1024 1501 1138 1540 quem
1160 1493 1309 1526 veteres
1334 1501 1528 1526 commen-

190 1567 334 1599 tatores
363 1560 499 1598 famosi
528 1559 779 1597 foeneratoris
806 1558 924 1596 filium
953 1559 1092 1605 dicunt,
1122 1559 1182 1597 vel
1211 1560 1385 1598 laudetur
1406 1573 1426 1597 a
1447 1573 1527 1597 ma—

185 1634 304 1687 gistro
348 1636 461 1684 atque
502 1630 549 1667 ad
590 1629 749 1667 alteram
791 1630 1056 1682 quaestionem
1094 1632 1376 1685 promptissime
1416 1644 1527 1669 suum

185 1703 278 1742 illud
308 1701 459 1756 ‘semis'
490 1699 727 1753 respondeat.
768 1699 807 1740 ld
828 1702 891 1754 qui
910 1701 1105 1750 intellexit,
1133 1701 1310 1750 Orellius,
1339 1717 1383 1741 ea
1410 1702 1526 1741 verba

187 1775 359 1829 magistri
401 1788 485 1812 esse
522 1773 671 1811 iudicat·
692 1786 768 1810 non
796 1778 872 1811 tam
901 1775 1138 1828 corripientis
1174 1789 1305 1828 ‘quam
1335 1788 1423 1813 cum
1452 1774 1526 1813 leni

187 1845 371 1901 εἰρωνείᾳ
403 1846 621 1892 excitantis,
663 1859 780 1898 quum
824 1851 951 1884 certus
979 1847 1044 1893 sit,
1084 1860 1245 1900 puerum
1287 1846 1390 1886 illico
1415 1852 1527 1886 ,recte

187 1935 272 1959 esse
300 1918 600 1972 responsurum.'
655 1919 705 1956 At
733 1919 804 1956 ista
834 1917 1039 1969 εἰρωνείας
1067 1917 1204 1972 figura,
1239 1933 1312 1972 qua
1350 1918 1527 1972 permulti

185 1994 413 2045 interpretes
447 2004 523 2029 non
561 1995 667 2028 recte
695 1994 851 2031 utuntur
879 1990 927 2029 ad
956 2004 1020 2038 ea,
1047 2004 1145 2044 quae
1172 1991 1256 2044 quis
1284 1992 1449 2045 scripsit,
1490 1993 1526 2030 in

187 2064 415 2103 contrariam
445 2063 671 2101 sententiam
701 2062 979 2116 detorquenda,
1018 2063 1119 2102 haud
1155 2064 1234 2102 scio
1264 2077 1310 2102 an
1337 2063 1412 2103 hoc
1439 2064 1525 2103 loco

186 2136 383 2190 insigniter
411 2134 553 2173 abusus
581 2134 628 2172 sit
655 2135 712 2173 vir
741 2136 911 2174 eximius.
968 2134 1102 2174 Potest
1128 2136 1280 2189 quidem
1316 2134 1449 2189 aliquis
1475 2136 1525 2174 ita

189 2208 414 2262 vituperari,
450 2211 490 2244 ut
517 2207 554 2244 in
583 2206 663 2258 ipsa
693 2208 970 2260 vituperatione
999 2221 1134 2261 magna
1163 2207 1246 2246 laus
1273 2209 1378 2258 insit,
1414 2213 1452 2245 at
1480 2221 1525 2245 eo

190 2279 344 2319 artificio
372 2281 409 2318 in
440 2280 568 2333 pueris
596 2292 710 2318 nemo
739 2279 847 2319 facile
875 2285 1014 2327 utetur,
1043 2294 1088 2320 ac
1116 2281 1145 2318 si
1167 2281 1250 2334 quis
1279 2286 1405 2319 tamen
1433 2292 1526 2318 usus

189 2357 263 2397 est,
303 2365 376 2389 non
404 2351 493 2391 licet
521 2357 676 2404 poetae,
717 2354 936 2403 praesertim
966 2355 1001 2391 in
1030 2353 1197 2391 carmine
1226 2352 1405 2404 ‘sermoni
1437 2366 1528 2404 pro-

186 2423 316 2477 piore',
347 2436 390 2461 ea
419 2424 594 2470 scribere,
630 2437 727 2475 quae
757 2436 830 2462 non
860 2428 1018 2477 possunt
1048 2430 1151 2463 recte
1179 2422 1347 2475 intelligi,
1385 2423 1453 2462 nisi
1480 2438 1523 2462 ea

190 2495 308 2550 figura
337 2493 513 2540 adhibita,
556 2496 601 2533 ad
644 2486 769 2547 quam*
793 2495 828 2532 in
865 2495 990 2534 verbis
1032 2496 1184 2533 minime
1227 2493 1418 2549 ambiguis.
1443 2502 1527 2535 tum
