1669 2839
581 99 584 109 '
646 106 649 108 ’
687 116 786 163 115

172 230 315 274 Similis
337 228 513 286 quaestio
552 239 693 283 magno
724 240 747 281 a
774 225 1067 268 multiszstu'dio
1102 226 1242 282 agitata
1268 232 1327 270 est
1352 228 1402 270 de

76 313 157 351 o'cto
183 291 256 346 illis
283 302 469 351 versibus,
496 313 594 355 quos
619 298 703 341 libri
731 301 895 356 quidam,
914 314 1078 356 quorum
1096 299 1195 340 duos
1212 299 1342 341 seculo
1359 300 1399 341 X

59 378 231 434 ⁴scriptos
257 373 424 418 Orellius
450 371 560 421 vidit,
597 372 703 413 initio
739 374 877 414 satirae
903 372 930 415 1.
961 374 1010 414 10
1034 374 1182 429 positos
1203 362 1398 413 exhibent.

70 451 97 491 Ii
123 455 250 490 utrum
277 446 473 489 Horatiani
502 445 587 494 sint,
614 461 662 487 an
690 461 712 486 a
740 447 989 502 grammatico
1009 446 1139 500 aliquo,
1161 451 1308 486 temere
1336 445 1404 485 ad-

70 523 136 564 diti
161 522 371 567 videantur,
399 530 583 572 quaerere
609 517 775 558 alienum
801 523 860 558 est
885 517 933 558 ab
960 518 1035 558 hoc
1061 523 1192 558 nostro
1219 519 1401 576 instituto,

69 594 436 651 praesertimquum
461 590 500 630 in
527 595 632 631 tanta
666 591 940 631 sententiarum
974 590 1191 651 diversitate
1229 590 1402 646 longiore

70 664 325 720 disputatione
351 676 449 716 opus
476 662 535 702 sit.
581 661 643 702 De
661 676 737 702 uno
757 667 884 702 tamen
903 676 1017 702 versu
1033 661 1263 703 disseremus
1288 675 1403 703 accu-

70 738 205 779 ratius:
243 749 333 776 nam
359 739 402 774 ut
427 739 533 774 recte
553 734 727 775 *iudicari
764 736 885 789 possit
918 735 966 775 de
993 726 1181 788 suspectis
1216 735 1422 785 eiusmodi'

69 808 173 856 locis,
200 805 302 847 nulla
330 820 371 847 re
398 808 521 861 magis
548 820 644 861 opus
672 812 742 855 est,
769 821 882 861 quam
910 812 952 847 ut
976 806 1015 846 in
1039 806 1131 861 ipsis
1157 805 1285 846 verbis
1309 805 1401 846 nihil

68 881 172 928 insit,
212 878 316 933 quod
344 883 568 933 corruptum
607 893 693 919 esse
720 880 933 933 suspiceris.
984 877 1074 918 Non
1113 883 1245 918 carent
1268 876 1401 920 'autem

69 950 285 1005 suspicione
310 949 416 998 haec,
445 964 542 1005 quae
569 951 658 991 inde
684 965 706 991 a
735 965 770 990 v.
796 952 821 991 4
848 950 1045 1006 leguntur:
1120 997 1126 1002 1

733 1022 851 1078 longe
877 1022 1051 1063 subtilior
1076 1021 1153 1070 illo,

249 1096 315 1149 qui
342 1094 502 1137 multum
532 1110 627 1151 puer
655 1083 812 1137 et'loris
839 1101 878 1137 et
905 1095 1056 1136 funibus
1084 1094 1167 1135 udis

250 1171 443 1215 exoratus,
469 1172 513 1206 ut
537 1174 649 1216 esset,
678 1182 793 1223 opem
820 1169 884 1222 qui
910 1169 1010 1207 ferre
1037 1168 1160 1222 poetis

246 1239 410 1294 antiquis
437 1245 568 1293 posset
593 1245 726 1280 contra
753 1240 899 1280 fastidia
927 1245 1066 1280 nostra.

70 1317 310 1361 exoratus,
338 1312 440 1367 quod
467 1327 504 1352 v.
524 1313 558 1351 6.
587 1314 731 1367 scripsi,
759 1319 817 1353 est
838 1314 875 1353 in
895 1312 1154 1353 Bernensibus
1180 1311 1284 1352 libris
1310 1313 1401 1353 satis

67 1385 229 1440 antiquis
243 1389 357 1439 atque
370 1385 407 1425 in
423 1383 658 1424 Bet-olinensi
674 1385 819 1433 codice,
835 1399 949 1439 quem
963 1386 1131 1440 inspexit
1147 1384 1398 1433 Heindorfius,

68 1472 188 1512 eaque
215 1457 400 1511 scriptura
428 1458 479 1496 ita
504 1456 686 1511 probatur
713 1470 790 1496 non
817 1458 960 1512 paucis,
991 1462 1034 1497 ut
1060 1457 1122 1497 alii
1149 1471 1233 1498 eam
1261 1456 1401 1497 tolera·

68 1529 180 1570 bilem
207 1529 390 1580 iudicent,
429 1528 490 1568 alii
517 1542 753 1584 magnopere
790 1529 1036 1570 admirentur.
1086 1529 1214 1585 Atque
1240 1529 1292 1570 illi
1319 1530 1402 1585 qui-

71 1601 156 1642 dem
184 1615 317 1642 omnes
335 1601 373 1640 in
393 1614 438 1640 eo
458 1601 709 1650 consentiunt,
737 1607 779 1641 ut
802 1601 839 1640 in
860 1600 918 1639 his
945 1600 1052 1654 ‘loris
1080 1602 1277 1642 exoratus'
1304 1616 1400 1656 oxy-

68 1686 200 1713 moron
227 1674 351 1713 inesse
379 1673 515 1713 dicant.
570 1671 682 1723 Quae
707 1672 827 1728 figura
856 1686 970 1727 quam
996 1687 1073 1714 non
1112 1674 1401 1715 accommodata

67 1745 114 1785 sit
138 1744 227 1786 huic
253 1744 359 1794 loco,
386 1745 475 1786 ficto
498 1745 675 1799 exemplo
697 1745 1055 1786 demonstrabimus.
1099 1745 1306 1788 sumamus
1329 1748 1400 1788 im-

66 1817 171 1871 pium
189 1802 393 1867 hominem,
422 1819 485 1873 qui
509 1823 657 1873 patrem
675 1820 753 1858 suis
784 1817 949 1859 consiliis
974 1817 1219 1859 obsistentem
1246 1820 1399 1860 tandem

65 1890 105 1928 vi
129 1889 230 1929 illata
257 1903 315 1938 eo,
352 1903 428 1944 quo
458 1890 627 1939 volebat,
656 1891 838 1945 adegerit.
892 1891 1097 1945 Fingamus
1123 1890 1306 1945 aliquem,
1334 1892 1398 1945 qui

66 1965 213 2020 patrem
253 1962 438 2001 sententia
477 1962 667 2002 deiectum
700 1975 785 2002 esse
817 1962 991 2010 audierit,
1030 1963 1082 2001 ita
1118 1963 1396 2017 interrogasse:

66 2045 172 2084 ‘num
213 2033 387 2071 exoravit
424 2033 618 2090 patrem?’
663 2034 763 2074 Huic
797 2035 828 2074 si
861 2035 944 2089 quis
984 2034 1237 2088 responderit:
1277 2047 1396 2088 ⁸sane,

65 2101 225 2142 fustibus
251 2103 450 2152 exoravit',
477 2105 513 2144 id
541 2111 579 2145 et
607 2106 744 2148 acerbe
771 2106 912 2147 dictum
940 2107 1010 2147 erit
1035 2111 1073 2147 et
1099 2106 1283 2161 optimum
1301 2118 1397 2160 oxy-

67 2174 163 2213 mori
191 2174 421 2228 exemplum.
478 2175 612 2226 Vides,
652 2180 721 2219 nisi
759 2178 885 2227 fallor,
922 2184 1105 2234 quantum
1131 2179 1277 2217 intersit
1301 2178 1398 2218 inter

67 2250 270 2300 utrumque
296 2245 447 2287 locum:
484 2254 631 2302 patrem
660 2252 761 2291 enim
788 2265 948 2291 exorare
975 2251 1031 2290 fas
1058 2254 1125 2297 est,
1153 2263 1292 2303 pueros
1319 2262 1396 2290 non

69 2332 271 2359 exoramus
297 2323 341 2357 ut
366 2317 506 2372 aliquid
523 2320 649 2360 facere
675 2336 724 2362 ne
751 2303 1017 2377 dedignentur,
1044 2322 1111 2361 sed
1138 2322 1263 2361 facere
1289 2321 1398 2362 iube-

70 2402 166 2438 mus,
195 2395 243 2438 et,
271 2380 311 2429 si*
330 2403 426 2445 opus
453 2395 521 2437 est,
565 2392 738 2446 cogimus
765 2400 808 2433 ut
836 2396 982 2436 faciant.
1033 2391 1164 2448 ltaque
1193 2406 1237 2432 ea
1264 2392 1395 2449 figura,

72 2475 168 2515 quae
208 2463 401 2518 aptissima
439 2462 655 2512 videbatur,
695 2478 813 2519 quum
832 2467 887 2507 *de
914 2471 1019 2520 patre
1045 2466 1254 2517 diceretur,
1291 2467 1323 2507 si
1347 2465 1396 2508 de

1093 2539 1119 2578 8
1138 2539 1154 2557 ι
