1669 2839
844 0 1019 47 ³3⁵&

808 82 839 125 8

143 207 219 234 non
248 199 349 242 sunt,
377 208 453 234 non
482 199 542 233 est
562 208 696 233 eorum
725 197 827 232 tanta
856 192 1067 240 diversitas,
1096 190 1261 231 utillum
1280 196 1356 232 tam
1375 191 1493 233 licen-

144 270 203 305 ter
220 270 438 320 grassatum
466 280 552 306 esse
571 265 636 305 tibi
655 263 899 318 persuadeas,
928 268 970 303 ut
988 276 1064 303 non
1084 262 1210 304 adhuc
1234 264 1316 305 eius
1344 269 1493 317 poetae,

146 338 256 377 cuius
283 351 394 377 sensa
423 337 666 382 admiramur,
702 334 820 374 verba
848 336 962 374 etiam
989 348 1035 374 ac
1062 348 1180 374 voces
1208 334 1429 387 expendere
1456 340 1495 374 et

147 408 196 449 ad
214 414 345 450 rectae
371 408 528 448 rationis
554 419 729 446 normam
758 408 914 461 exigere
941 405 1065 446 liceat.
1122 406 1249 460 Atque
1270 405 1363 446 illud
1382 420 1495 461 argu·

146 485 330 527 mentum,
358 492 435 533 quo
462 491 738 532 nonnunquam
766 482 924 517 utuntur
950 478 986 523 ii,
1015 478 1079 531 qui
1106 477 1153 517 de
1171 476 1349 518 Mavortii
1374 483 1495 518 teme-

147 551 258 590 ritate
281 549 511 598 declamant,
538 563 641 589 nunc
667 549 855 604 probabili
882 549 1102 589 coniectura
1123 550 1168 589 iis
1187 551 1408 604 extorqueri
1426 563 1496 604 po-

147 626 234 669 test,
273 622 325 661 ita
359 627 401 661 ut
436 622 498 661 vel
526 623 761 661 contrarium
802 620 890 660 inde
933 619 1130 661 efficiatur.
1195 621 1414 660 Provocant
1446 620 1495 659 ad

146 692 393 733 decantatum
420 693 523 733 hunc
551 692 680 732 locum
708 698 777 732 sat.
817 692 842 732 l.
869 695 904 731 6.
937 693 1009 732 125
1049 698 1122 748 ‘ast
1163 693 1226 732 ubi
1263 707 1326 732 me
1353 694 1496 733 fessum

147 763 206 803 sol
238 765 364 804 acrior
398 764 453 803 ire
485 763 658 803 lavatum
685 764 897 811 admonuit,
939 765 1043 819 fugio
1079 778 1258 818 campum
1290 763 1496 818 lusumque

147 835 364 889 trigonem.'
410 835 602 889 Exscripti
644 840 733 873 sunt
760 836 831 889 ipsi
858 834 897 874 hi
924 849 1060 874 versus
1087 849 1109 874 a
1137 836 1274 874 Servio
1303 835 1351 875 ad
1376 834 1497 890 Verg.

147 903 290 960 Georg.
310 904 367 945 lll.
387 905 476 954 443,
504 906 572 945 sed
601 907 665 953 ita,
696 911 738 944 ut
756 906 914 946 secundi
942 919 1079 945 versus
1106 904 1277 945 clausula
1305 907 1427 961 ⁶fugio
1446 930 1496 936 —

147 977 355 1031 trigonem‘
396 979 536 1017 omissa
575 981 640 1026 sit,
681 992 796 1032 quam
837 977 1049 1017 clausulam
1089 978 1243 1017 codices
1270 977 1419 1017 Horatii
1445 980 1497 1018 ita

140 1048 329 1114 scriptam
357 1047 607 1088 exhibebant:
635 1050 757 1103 fugio
778 1048 919 1088 rabiosi
951 1053 1127 1102 tempora
1160 1049 1269 1103 signi.
1276 1048 1357 1089 'ld
1377 1063 1495 1103 quum

149 1132 286 1158 omnes
314 1120 503 1172 patienter
530 1121 586 1160 sel
590 1127 684 1169 rent
713 1119 912 1160 Bentleius
939 1133 1072 1159 veram
1100 1121 1341 1172 scripturam,
1366 1119 1456 1159 olim
1476 1134 1497 1159 a

147 1189 352 1243 Cruquio
342 1205 380 1230 ln
401 1190 604 1231 Blandinio
632 1191 896 1245 antiquissimo
913 1196 1116 1244 repertam,
1143 1193 1308 1230 restituit
1326 1196 1364 1229 et
1381 1192 1499 1231 inter·

147 1260 351 1316 polationis
369 1265 661 1316 perversitatem
681 1264 837 1318 egregie
857 1262 1143 1303 demonstravit.
1169 1263 1220 1313 At
1233 1277 1368 1316 parum
1387 1268 1500 1303 caute

149 1334 309 1381 faciunt,
345 1335 409 1386 qui
436 1334 475 1372 id
505 1335 650 1373 crimen
678 1335 715 1372 in
744 1333 975 1372 Mavortium
1009 1334 1228 1371 conserunt:
1271 1348 1363 1372 vera
1398 1336 1499 1373 enim

148 1402 210 1443 illa
230 1405 430 1459 scriptura,
459 1418 570 1459 quae,
597 1405 702 1459 quod
721 1406 758 1444 in
778 1403 883 1445 nullo
903 1408 1101 1458 praeterea
1120 1403 1217 1444 libro
1241 1405 1500 1459 comparebat,

147 1489 271 1528 paene
300 1482 479 1530 suspecta
507 1477 727 1524 videbatur,
756 1489 878 1530 nuper
907 1489 927 1513 a
955 1474 1167 1514 Kirchnero
1195 1477 1349 1515 inventa
1377 1482 1436 1515 est
1462 1478 1500 1516 in

149 1546 285 1587 codice
313 1546 493 1589 Gothano
528 1548 641 1589 valde
676 1550 820 1588 novitio
850 1549 925 1598 (est
953 1547 1054 1587 enim
1082 1560 1159 1586 sec.
1187 1546 1265 1587 XV
1293 1552 1500 1600 exaratus),

148 1624 187 1656 at
216 1633 265 1658 ex
306 1620 517 1660 admodum
557 1622 714 1674 antiquo
752 1620 981 1674 exemplari,
1023 1624 1066 1657 ut
1091 1624 1268 1672 apparet,
1309 1620 1501 1674 descripto

149 1687 267 1738 (Nov.
289 1696 436 1744 quaest.
458 1691 551 1732 Hor.
573 1706 609 1746 p.
629 1691 681 1730 22
700 1694 810 1745 sqq.).
869 1691 938 1730 Est
964 1690 1028 1730 ille
1054 1688 1256 1730 Gothanus
1282 1689 1379 1730 liber
1405 1704 1501 1745 quo·

149 1759 356 1800 dammodo
385 1763 547 1817 duplex:
588 1763 708 1801 altera
736 1764 818 1801 eius
853 1776 942 1816 pars
969 1764 1105 1801 satiras
1133 1768 1171 1800 et
1200 1761 1381 1814 epistolas
1408 1775 1501 1801 eon-

150 1831 261 1877 tinet,
297 1833 437 1871 omissa
472 1839 552 1872 arte
581 1835 753 1888 poetica,
793 1833 913 1872 altera
947 1834 1159 1872 carminum
1187 1831 1305 1871 libros
1333 1833 1502 1886 quinque

152 1901 217 1950 (ita
247 1902 348 1941 enim
388 1908 651 1955 numerantur)
689 1909 728 1943 et
763 1918 918 1944 carmen
957 1904 1141 1943 seculare.
1199 1903 1369 1944 Alteram
1402 1904 1501 1945 hanc

148 1977 299 2025 partem
327 1987 453 2027 neque
480 1977 560 2029 pari
591 1989 680 2015 cum
709 1988 801 2014 cura
830 1989 956 2030 neque
985 1976 1121 2015 eadem
1149 1989 1265 2015 manu
1292 1981 1407 2030 atque
1426 1977 1503 2031 pri—

149 2058 257 2084 orem
285 2046 469 2099 scriptam
497 2061 583 2086 esse
610 2046 844 2086 Kirchnerus
872 2049 1038 2086 monuit:
1066 2049 1196 2087 nescio
1226 2053 1354 2087 tamen
1373 2054 1421 2087 an
1442 2048 1503 2087 vel

150 2120 367 2177 propterea,
397 2116 499 2169 quod
519 2117 637 2156 altera
658 2131 747 2157 cum
764 2117 882 2156 altera
902 2117 1104 2157 coniuncta
1132 2124 1284 2171 praeter
1310 2121 1503 2172 poeticam

150 2192 282 2234 artem,
303 2187 352 2227 de
371 2189 480 2227 cuius
496 2190 703 2229 omissione
731 2203 823 2229 mox
852 2189 1114 2229 coniecturam
1142 2190 1394 2242 proferemus,
1422 2189 1504 2229 Ho-

150 2258 293 2297 ratiana
322 2261 449 2299 omnia
477 2260 757 2315 complectitur,
785 2261 993 2301 admodum
1013 2259 1196 2300 credibile
1216 2260 1335 2300 videri
1354 2259 1504 2309 debeat,

153 2334 356 2384 utramque
382 2338 530 2385 partem
559 2347 610 2372 ex
637 2333 776 2373 eodem
805 2334 939 2374 codice
967 2348 988 2373 a
1017 2333 1169 2373 duobus
1197 2332 1415 2372 hominibus
1435 2347 1505 2377 ex-

152 2402 337 2456 scriptam
366 2417 451 2444 esse
477 2418 604 2459 neque
633 2405 788 2444 fortuito
816 2406 1014 2453 accidisse,
1043 2411 1085 2445 ut
1111 2407 1282 2446 inunum
1310 2403 1402 2444 illud
1422 2403 1503 2444 Go-

154 2472 313 2514 thanum
343 2474 522 2514 volumen
538 2478 695 2516 coirent.
738 2477 852 2526 Quod
872 2479 903 2517 si
924 2475 1068 2516 veruni
1087 2482 1154 2523 cst,
1183 2477 1257 2515 iam
1280 2490 1356 2515 non
1375 2453 1505 2517 liceffi
