<?xml version="1.0" encoding="UTF-8"?>
<!DOCTYPE html PUBLIC "-//W3C//DTD XHTML 1.0 Transitional//EN"
    "http://www.w3.org/TR/xhtml1/DTD/xhtml1-transitional.dtd">
<html xmlns="http://www.w3.org/1999/xhtml" xml:lang="en" lang="en">
 <head>
  <title>
</title>
<meta http-equiv="Content-Type" content="text/html;charset=utf-8" />
  <meta name='ocr-system' content='tesseract 3.04.00' />
  <meta name='ocr-capabilities' content='ocr_page ocr_carea ocr_par ocr_line ocrx_word'/>
</head>
<body>
  <div class='ocr_page' id='page_1' title='image "./4738087_0026.png"; bbox 0 0 1669 2839; ppageno 0'>
   <div class='ocr_carea' id='block_1_1' title="bbox 829 90 882 133">
    <p class='ocr_par' dir='ltr' id='par_1_1' title="bbox 829 90 882 133">
     <span class='ocr_line' id='line_1_1' title="bbox 829 90 882 133; baseline 0 0"><span class='ocrx_word' id='word_1_1' title='bbox 829 90 882 133; x_wconf 83' lang='lat'><strong>15</strong></span> 
     </span>
    </p>
   </div>
   <div class='ocr_carea' id='block_1_2' title="bbox 176 197 1521 1251">
    <p class='ocr_par' dir='ltr' id='par_1_2' title="bbox 176 197 1521 1251">
     <span class='ocr_line' id='line_1_2' title="bbox 184 197 1520 253; baseline -0.004 -12"><span class='ocrx_word' id='word_1_2' title='bbox 184 202 253 241; x_wconf 87' lang='lat' dir='ltr'><strong>usi.</strong></span> <span class='ocrx_word' id='word_1_3' title='bbox 321 199 432 251; x_wconf 85' lang='lat' dir='ltr'><strong>Quae</strong></span> <span class='ocrx_word' id='word_1_4' title='bbox 470 200 714 240; x_wconf 86' lang='lat' dir='ltr'><strong>coniecturae</strong></span> <span class='ocrx_word' id='word_1_5' title='bbox 762 205 932 247; x_wconf 87' lang='lat' dir='ltr'><strong>nostrae,</strong></span> <span class='ocrx_word' id='word_1_6' title='bbox 979 198 1154 253; x_wconf 91' lang='lat' dir='ltr'><strong>quamvis</strong></span> <span class='ocrx_word' id='word_1_7' title='bbox 1192 197 1424 252; x_wconf 89' lang='lat' dir='ltr'><strong>probabiles,</strong></span> <span class='ocrx_word' id='word_1_8' title='bbox 1465 203 1520 237; x_wconf 90' lang='lat' dir='ltr'><strong>ta-</strong></span> 
     </span>
     <span class='ocr_line' id='line_1_3' title="bbox 184 270 1521 326; baseline 0 -15"><span class='ocrx_word' id='word_1_9' title='bbox 184 285 272 310; x_wconf 88' lang='lat' dir='ltr'><strong>men</strong></span> <span class='ocrx_word' id='word_1_10' title='bbox 299 277 580 319; x_wconf 74' lang='lat' dir='ltr'><strong>everterentur,</strong></span> <span class='ocrx_word' id='word_1_11' title='bbox 609 272 640 311; x_wconf 91' lang='lat' dir='ltr'><strong>si</strong></span> <span class='ocrx_word' id='word_1_12' title='bbox 670 286 758 311; x_wconf 87' lang='lat' dir='ltr'><strong>vera</strong></span> <span class='ocrx_word' id='word_1_13' title='bbox 797 278 939 321; x_wconf 89' lang='lat' dir='ltr'><strong>essent,</strong></span> <span class='ocrx_word' id='word_1_14' title='bbox 981 285 1081 326; x_wconf 90' lang='lat' dir='ltr'><strong>quae</strong></span> <span class='ocrx_word' id='word_1_15' title='bbox 1115 271 1264 324; x_wconf 79' lang='lat' dir='ltr'><strong>scripsit</strong></span> <span class='ocrx_word' id='word_1_16' title='bbox 1288 270 1521 311; x_wconf 88' lang='lat' dir='ltr'><strong>Kirchnerus</strong></span> 
     </span>
     <span class='ocr_line' id='line_1_4' title="bbox 181 340 1520 398; baseline -0.001 -16"><span class='ocrx_word' id='word_1_17' title='bbox 181 342 245 383; x_wconf 89' lang='lat' dir='ltr'><strong>l.l.</strong></span> <span class='ocrx_word' id='word_1_18' title='bbox 275 357 311 398; x_wconf 89' lang='lat' dir='ltr'><strong>p.</strong></span> <span class='ocrx_word' id='word_1_19' title='bbox 326 343 387 383; x_wconf 87' lang='lat'><strong>24.</strong></span> <span class='ocrx_word' id='word_1_20' title='bbox 429 342 463 383; x_wconf 94' lang='lat' dir='ltr'><strong>Is</strong></span> <span class='ocrx_word' id='word_1_21' title='bbox 477 343 575 383; x_wconf 89' lang='lat' dir='ltr'><strong>enim</strong></span> <span class='ocrx_word' id='word_1_22' title='bbox 605 357 724 397; x_wconf 87' lang='lat' dir='ltr'><strong>quum</strong></span> <span class='ocrx_word' id='word_1_23' title='bbox 737 344 775 384; x_wconf 89' lang='lat' dir='ltr'><strong>in</strong></span> <span class='ocrx_word' id='word_1_24' title='bbox 790 343 968 385; x_wconf 88' lang='lat' dir='ltr'><strong>Gothano</strong></span> <span class='ocrx_word' id='word_1_25' title='bbox 996 343 1091 384; x_wconf 88' lang='lat' dir='ltr'><strong>libro</strong></span> <span class='ocrx_word' id='word_1_26' title='bbox 1120 346 1209 381; x_wconf 88' lang='lat' dir='ltr'><strong>ante</strong></span> <span class='ocrx_word' id='word_1_27' title='bbox 1237 340 1411 381; x_wconf 88' lang='lat' dir='ltr'><strong>seculare</strong></span> <span class='ocrx_word' id='word_1_28' title='bbox 1438 355 1520 380; x_wconf 81' lang='lat' dir='ltr'><strong>car·</strong></span> 
     </span>
     <span class='ocr_line' id='line_1_5' title="bbox 182 414 1519 469; baseline -0.001 -16"><span class='ocrx_word' id='word_1_29' title='bbox 182 428 272 453; x_wconf 88' lang='lat' dir='ltr'><strong>men</strong></span> <span class='ocrx_word' id='word_1_30' title='bbox 285 414 388 454; x_wconf 87' lang='lat' dir='ltr'><strong>hunc</strong></span> <span class='ocrx_word' id='word_1_31' title='bbox 404 414 555 454; x_wconf 87' lang='lat' dir='ltr'><strong>titulum</strong></span> <span class='ocrx_word' id='word_1_32' title='bbox 581 416 749 468; x_wconf 87' lang='lat' dir='ltr'><strong>positum</strong></span> <span class='ocrx_word' id='word_1_33' title='bbox 775 417 1023 469; x_wconf 83' lang='lat' dir='ltr'><strong>repperisset:</strong></span> <span class='ocrx_word' id='word_1_34' title='bbox 1052 414 1200 468; x_wconf 63' lang='lat' dir='ltr'><strong>⁵lncipit</strong></span> <span class='ocrx_word' id='word_1_35' title='bbox 1227 427 1381 452; x_wconf 89' lang='lat' dir='ltr'><strong>carmen</strong></span> <span class='ocrx_word' id='word_1_36' title='bbox 1409 427 1519 451; x_wconf 91' lang='lat' dir='ltr'><strong>secu-</strong></span> 
     </span>
     <span class='ocr_line' id='line_1_6' title="bbox 181 482 1519 540; baseline -0.002 -16"><span class='ocrx_word' id='word_1_37' title='bbox 181 484 272 533; x_wconf 87' lang='lat' dir='ltr'><strong>lare,</strong></span> <span class='ocrx_word' id='word_1_38' title='bbox 300 486 404 540; x_wconf 89' lang='lat' dir='ltr'><strong>quod</strong></span> <span class='ocrx_word' id='word_1_39' title='bbox 432 485 529 539; x_wconf 87' lang='lat' dir='ltr'><strong>patri</strong></span> <span class='ocrx_word' id='word_1_40' title='bbox 556 498 643 525; x_wconf 92' lang='lat' dir='ltr'><strong>meo</strong></span> <span class='ocrx_word' id='word_1_41' title='bbox 672 491 710 525; x_wconf 91' lang='lat' dir='ltr'><strong>et</strong></span> <span class='ocrx_word' id='word_1_42' title='bbox 736 487 848 526; x_wconf 86' lang='lat' dir='ltr'><strong>matri</strong></span> <span class='ocrx_word' id='word_1_43' title='bbox 875 499 985 525; x_wconf 87' lang='lat' dir='ltr'><strong>meac</strong></span> <span class='ocrx_word' id='word_1_44' title='bbox 1012 490 1256 524; x_wconf 88' lang='lat' dir='ltr'><strong>cantaveram</strong></span> <span class='ocrx_word' id='word_1_45' title='bbox 1282 484 1330 523; x_wconf 90' lang='lat' dir='ltr'><strong>ad</strong></span> <span class='ocrx_word' id='word_1_46' title='bbox 1359 482 1519 522; x_wconf 84' lang='lat' dir='ltr'><strong>chorum</strong></span> 
     </span>
     <span class='ocr_line' id='line_1_7' title="bbox 181 556 1518 610; baseline -0.001 -14"><span class='ocrx_word' id='word_1_47' title='bbox 181 571 391 610; x_wconf 86' lang='lat' dir='ltr'><strong>puerorum</strong></span> <span class='ocrx_word' id='word_1_48' title='bbox 422 556 713 610; x_wconf 83' lang='lat' dir='ltr'><strong>puellarumque</strong></span> <span class='ocrx_word' id='word_1_49' title='bbox 733 558 783 597; x_wconf 88' lang='lat' dir='ltr'><strong>ad</strong></span> <span class='ocrx_word' id='word_1_50' title='bbox 805 557 1020 610; x_wconf 88' lang='lat' dir='ltr'><strong>Apollinem</strong></span> <span class='ocrx_word' id='word_1_51' title='bbox 1042 562 1081 595; x_wconf 88' lang='lat' dir='ltr'><strong>et</strong></span> <span class='ocrx_word' id='word_1_52' title='bbox 1105 556 1271 596; x_wconf 83' lang='lat' dir='ltr'>Dianam</span> <span class='ocrx_word' id='word_1_53' title='bbox 1300 558 1518 608; x_wconf 87' lang='lat' dir='ltr'><strong>proseutice</strong></span> 
     </span>
     <span class='ocr_line' id='line_1_8' title="bbox 181 626 1516 681; baseline -0.002 -14"><span class='ocrx_word' id='word_1_54' title='bbox 181 626 410 674; x_wconf 86' lang='lat' dir='ltr'><strong>tetracolos&#39;,</strong></span> <span class='ocrx_word' id='word_1_55' title='bbox 452 627 664 681; x_wconf 87' lang='lat' dir='ltr'><strong>eademque</strong></span> <span class='ocrx_word' id='word_1_56' title='bbox 691 627 729 667; x_wconf 89' lang='lat' dir='ltr'><strong>in</strong></span> <span class='ocrx_word' id='word_1_57' title='bbox 758 626 987 667; x_wconf 87' lang='lat' dir='ltr'><strong>Menteliano</strong></span> <span class='ocrx_word' id='word_1_58' title='bbox 1016 627 1149 666; x_wconf 87' lang='lat' dir='ltr'><strong>codice</strong></span> <span class='ocrx_word' id='word_1_59' title='bbox 1186 629 1238 680; x_wconf 88' lang='lat' dir='ltr'><strong>(p.</strong></span> <span class='ocrx_word' id='word_1_60' title='bbox 1263 626 1314 665; x_wconf 90' lang='grc'><strong>43</strong></span> <span class='ocrx_word' id='word_1_61' title='bbox 1341 630 1439 680; x_wconf 90' lang='lat' dir='ltr'><strong>sqq.)</strong></span> <span class='ocrx_word' id='word_1_62' title='bbox 1467 628 1516 665; x_wconf 85' lang='lat' dir='ltr'><strong>ita</strong></span> 
     </span>
     <span class='ocr_line' id='line_1_9' title="bbox 179 697 1519 752; baseline -0.001 -14"><span class='ocrx_word' id='word_1_63' title='bbox 179 701 219 739; x_wconf 91' lang='lat' dir='ltr'><strong>in</strong></span> <span class='ocrx_word' id='word_1_64' title='bbox 245 699 400 739; x_wconf 87' lang='lat' dir='ltr'><strong>brevius</strong></span> <span class='ocrx_word' id='word_1_65' title='bbox 428 704 623 739; x_wconf 89' lang='lat' dir='ltr'><strong>contracta</strong></span> <span class='ocrx_word' id='word_1_66' title='bbox 660 701 853 740; x_wconf 74' lang='lat' dir='ltr'><strong>exstitisse</strong></span> <span class='ocrx_word' id='word_1_67' title='bbox 880 714 902 739; x_wconf 92' lang='lat' dir='ltr'><strong>e</strong></span> <span class='ocrx_word' id='word_1_68' title='bbox 930 699 1118 752; x_wconf 87' lang='lat' dir='ltr'><strong>Lipsiensi</strong></span> <span class='ocrx_word' id='word_1_69' title='bbox 1146 700 1288 738; x_wconf 87' lang='lat' dir='ltr'><strong>codicis</strong></span> <span class='ocrx_word' id='word_1_70' title='bbox 1315 697 1519 737; x_wconf 87' lang='lat' dir='ltr'><strong>collatione</strong></span> 
     </span>
     <span class='ocr_line' id='line_1_10' title="bbox 180 762 1518 825; baseline -0.003 -14"><span class='ocrx_word' id='word_1_71' title='bbox 180 770 449 811; x_wconf 84' lang='lat' dir='ltr'><strong>intellexisset:</strong></span> <span class='ocrx_word' id='word_1_72' title='bbox 478 762 607 825; x_wconf 53' lang='lat' dir='ltr'><strong>stiffi.</strong></span> <span class='ocrx_word' id='word_1_73' title='bbox 637 763 781 812; x_wconf 62' lang='lat' dir='ltr'><strong>Scffe.</strong></span> <span class='ocrx_word' id='word_1_74' title='bbox 811 763 925 812; x_wconf 65' lang='lat' dir='ltr'><strong>caffin.</strong></span> <span class='ocrx_word' id='word_1_75' title='bbox 951 762 1016 825; x_wconf 74' lang='lat' dir='ltr'><strong>q—d.</strong></span> <span class='ocrx_word' id='word_1_76' title='bbox 1046 770 1153 824; x_wconf 91' lang='lat' dir='ltr'><strong>patri.</strong></span> <span class='ocrx_word' id='word_1_77' title='bbox 1182 783 1230 810; x_wconf 90' lang='lat' dir='ltr'><strong>ne</strong></span> <span class='ocrx_word' id='word_1_78' title='bbox 1251 774 1444 810; x_wconf 83' lang='lat' dir='ltr'><strong>cantaver.</strong></span> <span class='ocrx_word' id='word_1_79' title='bbox 1472 769 1518 808; x_wconf 89' lang='lat' dir='ltr'><strong>ad</strong></span> 
     </span>
     <span class='ocr_line' id='line_1_11' title="bbox 180 842 1517 895; baseline -0.001 -14"><span class='ocrx_word' id='word_1_80' title='bbox 180 843 339 881; x_wconf 86' lang='lat' dir='ltr'><strong>chorum</strong></span> <span class='ocrx_word' id='word_1_81' title='bbox 373 842 692 895; x_wconf 87' lang='lat' dir='ltr'><strong>puellarumque&#39;,</strong></span> <span class='ocrx_word' id='word_1_82' title='bbox 732 843 829 882; x_wconf 89' lang='lat' dir='ltr'><strong>haec</strong></span> <span class='ocrx_word' id='word_1_83' title='bbox 867 856 1022 895; x_wconf 88' lang='lat' dir='ltr'><strong>quoque</strong></span> <span class='ocrx_word' id='word_1_84' title='bbox 1049 842 1095 880; x_wconf 87' lang='lat' dir='ltr'><strong>ad</strong></span> <span class='ocrx_word' id='word_1_85' title='bbox 1124 843 1351 881; x_wconf 80' lang='lat' dir='ltr'><strong>Mavortium</strong></span> <span class='ocrx_word' id='word_1_86' title='bbox 1380 842 1517 890; x_wconf 86' lang='lat' dir='ltr'><strong>retulit,</strong></span> 
     </span>
     <span class='ocr_line' id='line_1_12' title="bbox 179 911 1517 967; baseline -0.001 -14"><span class='ocrx_word' id='word_1_87' title='bbox 179 918 221 953; x_wconf 88' lang='lat' dir='ltr'><strong>ut</strong></span> <span class='ocrx_word' id='word_1_88' title='bbox 255 913 320 967; x_wconf 93' lang='lat' dir='ltr'><strong>qui</strong></span> <span class='ocrx_word' id='word_1_89' title='bbox 358 912 448 953; x_wconf 90' lang='lat' dir='ltr'><strong>olim</strong></span> <span class='ocrx_word' id='word_1_90' title='bbox 488 926 584 967; x_wconf 90' lang='lat' dir='ltr'><strong>puer</strong></span> <span class='ocrx_word' id='word_1_91' title='bbox 619 913 681 953; x_wconf 88' lang='lat' dir='ltr'><strong>vel</strong></span> <span class='ocrx_word' id='word_1_92' title='bbox 713 911 1024 954; x_wconf 87' lang='lat' dir='ltr'><strong>adolescentulus</strong></span> <span class='ocrx_word' id='word_1_93' title='bbox 1064 911 1156 952; x_wconf 89' lang='lat' dir='ltr'><strong>illud</strong></span> <span class='ocrx_word' id='word_1_94' title='bbox 1190 926 1345 952; x_wconf 89' lang='lat' dir='ltr'><strong>carmen</strong></span> <span class='ocrx_word' id='word_1_95' title='bbox 1387 926 1517 952; x_wconf 89' lang='lat' dir='ltr'><strong>coram</strong></span> 
     </span>
     <span class='ocr_line' id='line_1_13' title="bbox 177 984 1518 1039; baseline -0.001 -15"><span class='ocrx_word' id='word_1_96' title='bbox 177 985 397 1038; x_wconf 90' lang='lat' dir='ltr'><strong>parentibus</strong></span> <span class='ocrx_word' id='word_1_97' title='bbox 425 985 627 1023; x_wconf 89' lang='lat' dir='ltr'><strong>cecinisset</strong></span> <span class='ocrx_word' id='word_1_98' title='bbox 653 985 768 1038; x_wconf 89' lang='lat' dir='ltr'><strong>idque</strong></span> <span class='ocrx_word' id='word_1_99' title='bbox 796 990 949 1039; x_wconf 87' lang='lat' dir='ltr'><strong>postea,</strong></span> <span class='ocrx_word' id='word_1_100' title='bbox 984 985 1041 1022; x_wconf 89' lang='lat' dir='ltr'><strong>vir</strong></span> <span class='ocrx_word' id='word_1_101' title='bbox 1069 985 1209 1030; x_wconf 81' lang='lat' dir='ltr'><strong>sactus,</strong></span> <span class='ocrx_word' id='word_1_102' title='bbox 1239 984 1395 1038; x_wconf 83' lang='lat' dir='ltr'><strong>dignum</strong></span> <span class='ocrx_word' id='word_1_103' title='bbox 1422 985 1518 1023; x_wconf 90' lang='lat' dir='ltr'><strong>iudi-</strong></span> 
     </span>
     <span class='ocr_line' id='line_1_14' title="bbox 178 1055 1517 1110; baseline -0.001 -16"><span class='ocrx_word' id='word_1_104' title='bbox 178 1060 314 1101; x_wconf 87' lang='lat' dir='ltr'><strong>casset,</strong></span> <span class='ocrx_word' id='word_1_105' title='bbox 342 1055 455 1108; x_wconf 26' lang='lat' dir='ltr'><strong>quod·</strong></span> <span class='ocrx_word' id='word_1_106' title='bbox 473 1055 683 1098; x_wconf 80' lang='lat' dir='ltr'><strong>adnotaret.</strong></span> <span class='ocrx_word' id='word_1_107' title='bbox 723 1055 907 1096; x_wconf 83' lang='lat' dir='ltr'><strong>Seculare</strong></span> <span class='ocrx_word' id='word_1_108' title='bbox 935 1061 1064 1095; x_wconf 89' lang='lat' dir='ltr'><strong>autem</strong></span> <span class='ocrx_word' id='word_1_109' title='bbox 1092 1069 1246 1095; x_wconf 86' lang='lat' dir='ltr'><strong>carmen</strong></span> <span class='ocrx_word' id='word_1_110' title='bbox 1274 1057 1305 1094; x_wconf 93' lang='lat' dir='ltr'><strong>si</strong></span> <span class='ocrx_word' id='word_1_111' title='bbox 1331 1056 1517 1110; x_wconf 84' lang='lat' dir='ltr'><strong>attigisset</strong></span> 
     </span>
     <span class='ocr_line' id='line_1_15' title="bbox 176 1125 1516 1180; baseline 0 -16"><span class='ocrx_word' id='word_1_112' title='bbox 176 1126 251 1173; x_wconf 90' lang='lat' dir='ltr'><strong>ille,</strong></span> <span class='ocrx_word' id='word_1_113' title='bbox 278 1127 301 1164; x_wconf 92' lang='lat' dir='ltr'><strong>i.</strong></span> <span class='ocrx_word' id='word_1_114' title='bbox 323 1140 355 1165; x_wconf 91' lang='lat' dir='ltr'><strong>e.</strong></span> <span class='ocrx_word' id='word_1_115' title='bbox 374 1126 406 1164; x_wconf 91' lang='lat' dir='ltr'><strong>si</strong></span> <span class='ocrx_word' id='word_1_116' title='bbox 432 1125 531 1164; x_wconf 91' lang='lat' dir='ltr'><strong>ultra</strong></span> <span class='ocrx_word' id='word_1_117' title='bbox 546 1139 656 1165; x_wconf 89' lang='lat' dir='ltr'><strong>suam</strong></span> <span class='ocrx_word' id='word_1_118' title='bbox 683 1126 1003 1180; x_wconf 85' lang='lat' dir='ltr'><strong>subscriptionem</strong></span> <span class='ocrx_word' id='word_1_119' title='bbox 1030 1140 1257 1180; x_wconf 84' lang='lat' dir='ltr'><strong>progressus</strong></span> <span class='ocrx_word' id='word_1_120' title='bbox 1285 1132 1398 1174; x_wconf 89' lang='lat' dir='ltr'><strong>esset,</strong></span> <span class='ocrx_word' id='word_1_121' title='bbox 1425 1140 1516 1165; x_wconf 86' lang='lat' dir='ltr'><strong>con-</strong></span> 
     </span>
     <span class='ocr_line' id='line_1_16' title="bbox 178 1196 1516 1251; baseline 0 -15"><span class='ocrx_word' id='word_1_122' title='bbox 178 1197 268 1236; x_wconf 88' lang='lat' dir='ltr'><strong>cidit</strong></span> <span class='ocrx_word' id='word_1_123' title='bbox 295 1202 423 1235; x_wconf 91' lang='lat' dir='ltr'><strong>nostra</strong></span> <span class='ocrx_word' id='word_1_124' title='bbox 452 1198 744 1250; x_wconf 84' lang='lat' dir='ltr'><strong>argumentatio,</strong></span> <span class='ocrx_word' id='word_1_125' title='bbox 772 1211 898 1251; x_wconf 85' lang='lat' dir='ltr'><strong>neque</strong></span> <span class='ocrx_word' id='word_1_126' title='bbox 926 1202 994 1244; x_wconf 81' lang='lat' dir='ltr'><strong>est,</strong></span> <span class='ocrx_word' id='word_1_127' title='bbox 1023 1211 1092 1236; x_wconf 88' lang='lat' dir='ltr'><strong>cur</strong></span> <span class='ocrx_word' id='word_1_128' title='bbox 1120 1196 1299 1250; x_wconf 86' lang='lat' dir='ltr'><strong>epistolas</strong></span> <span class='ocrx_word' id='word_1_129' title='bbox 1328 1198 1441 1235; x_wconf 88' lang='lat' dir='ltr'><strong>etiam</strong></span> <span class='ocrx_word' id='word_1_130' title='bbox 1471 1211 1516 1236; x_wconf 89' lang='lat' dir='ltr'><strong>ac</strong></span> 
     </span>
    </p>
   </div>
   <div class='ocr_carea' id='block_1_3' title="bbox 169 1267 1518 2529">
    <p class='ocr_par' dir='ltr' id='par_1_3' title="bbox 169 1267 1518 2529">
     <span class='ocr_line' id='line_1_17' title="bbox 177 1267 1514 1322; baseline 0 -15"><span class='ocrx_word' id='word_1_131' title='bbox 177 1269 312 1308; x_wconf 89' lang='lat' dir='ltr'><strong>satiras</strong></span> <span class='ocrx_word' id='word_1_132' title='bbox 337 1267 384 1307; x_wconf 92' lang='lat' dir='ltr'><strong>ab</strong></span> <span class='ocrx_word' id='word_1_133' title='bbox 414 1268 551 1308; x_wconf 91' lang='lat' dir='ltr'><strong>eodem</strong></span> <span class='ocrx_word' id='word_1_134' title='bbox 578 1267 731 1308; x_wconf 90' lang='lat' dir='ltr'><strong>homine</strong></span> <span class='ocrx_word' id='word_1_135' title='bbox 759 1273 1008 1322; x_wconf 85' lang='lat' dir='ltr'><strong>pertractatas</strong></span> <span class='ocrx_word' id='word_1_136' title='bbox 1037 1282 1121 1307; x_wconf 90' lang='lat' dir='ltr'><strong>esse</strong></span> <span class='ocrx_word' id='word_1_137' title='bbox 1148 1282 1345 1321; x_wconf 83' lang='lat' dir='ltr'><strong>negemus.</strong></span> <span class='ocrx_word' id='word_1_138' title='bbox 1401 1268 1514 1319; x_wconf 85' lang='lat' dir='ltr'><strong>Quod</strong></span> 
     </span>
     <span class='ocr_line' id='line_1_18' title="bbox 178 1339 1515 1392; baseline 0.001 -15"><span class='ocrx_word' id='word_1_139' title='bbox 178 1344 305 1377; x_wconf 88' lang='lat' dir='ltr'><strong>tamen</strong></span> <span class='ocrx_word' id='word_1_140' title='bbox 327 1339 543 1378; x_wconf 47' lang='lat' dir='ltr'><strong>‘doctissimi</strong></span> <span class='ocrx_word' id='word_1_141' title='bbox 569 1340 638 1378; x_wconf 90' lang='lat' dir='ltr'><strong>viri</strong></span> <span class='ocrx_word' id='word_1_142' title='bbox 665 1345 926 1378; x_wconf 88' lang='lat' dir='ltr'><strong>commentum</strong></span> <span class='ocrx_word' id='word_1_143' title='bbox 954 1340 1084 1378; x_wconf 83' lang='lat' dir='ltr'><strong>dubito</strong></span> <span class='ocrx_word' id='word_1_144' title='bbox 1111 1354 1203 1378; x_wconf 86' lang='lat' dir='ltr'><strong>num</strong></span> <span class='ocrx_word' id='word_1_145' title='bbox 1222 1339 1350 1378; x_wconf 88' lang='lat' dir='ltr'><strong>multis</strong></span> <span class='ocrx_word' id='word_1_146' title='bbox 1369 1341 1417 1377; x_wconf 85' lang='lat' dir='ltr'><strong>sit</strong></span> <span class='ocrx_word' id='word_1_147' title='bbox 1435 1339 1515 1392; x_wconf 88' lang='lat' dir='ltr'><strong>pla-</strong></span> 
     </span>
     <span class='ocr_line' id='line_1_19' title="bbox 176 1410 1518 1465; baseline 0 -16"><span class='ocrx_word' id='word_1_148' title='bbox 176 1411 351 1450; x_wconf 87' lang='lat' dir='ltr'><strong>citurum.</strong></span> <span class='ocrx_word' id='word_1_149' title='bbox 407 1410 617 1450; x_wconf 89' lang='lat' dir='ltr'><strong>Mavortius</strong></span> <span class='ocrx_word' id='word_1_150' title='bbox 658 1410 758 1449; x_wconf 88' lang='lat' dir='ltr'><strong>enim</strong></span> <span class='ocrx_word' id='word_1_151' title='bbox 786 1410 816 1449; x_wconf 90' lang='lat' dir='ltr'><strong>si</strong></span> <span class='ocrx_word' id='word_1_152' title='bbox 843 1410 881 1449; x_wconf 91' lang='lat' dir='ltr'><strong>in</strong></span> <span class='ocrx_word' id='word_1_153' title='bbox 914 1411 1120 1465; x_wconf 89' lang='lat' dir='ltr'><strong>publicis</strong></span> <span class='ocrx_word' id='word_1_154' title='bbox 1162 1410 1397 1450; x_wconf 88' lang='lat' dir='ltr'><strong>sollennibus</strong></span> <span class='ocrx_word' id='word_1_155' title='bbox 1436 1412 1518 1464; x_wconf 87' lang='lat' dir='ltr'><strong>qui·</strong></span> 
     </span>
     <span class='ocr_line' id='line_1_20' title="bbox 177 1480 1517 1534; baseline 0.001 -16"><span class='ocrx_word' id='word_1_156' title='bbox 177 1480 400 1533; x_wconf 87' lang='lat' dir='ltr'><strong>buscunque</strong></span> <span class='ocrx_word' id='word_1_157' title='bbox 428 1480 575 1519; x_wconf 88' lang='lat' dir='ltr'><strong>Horatii</strong></span> <span class='ocrx_word' id='word_1_158' title='bbox 603 1494 756 1520; x_wconf 83' lang='lat' dir='ltr'><strong>carmen</strong></span> <span class='ocrx_word' id='word_1_159' title='bbox 783 1483 995 1529; x_wconf 87' lang='lat' dir='ltr'><strong>cecinisset,</strong></span> <span class='ocrx_word' id='word_1_160' title='bbox 1023 1488 1174 1534; x_wconf 89' lang='lat' dir='ltr'><strong>poterat</strong></span> <span class='ocrx_word' id='word_1_161' title='bbox 1191 1482 1227 1520; x_wconf 90' lang='lat' dir='ltr'><strong>id</strong></span> <span class='ocrx_word' id='word_1_162' title='bbox 1252 1482 1517 1520; x_wconf 86' lang='lat' dir='ltr'><strong>fortasseillu—</strong></span> 
     </span>
     <span class='ocr_line' id='line_1_21' title="bbox 176 1552 1515 1606; baseline 0.001 -17"><span class='ocrx_word' id='word_1_163' title='bbox 176 1552 243 1589; x_wconf 88' lang='lat' dir='ltr'><strong>stri</strong></span> <span class='ocrx_word' id='word_1_164' title='bbox 272 1553 386 1590; x_wconf 89' lang='lat' dir='ltr'><strong>etiam</strong></span> <span class='ocrx_word' id='word_1_165' title='bbox 415 1552 497 1590; x_wconf 91' lang='lat' dir='ltr'><strong>viro</strong></span> <span class='ocrx_word' id='word_1_166' title='bbox 526 1553 892 1591; x_wconf 87' lang='lat' dir='ltr'><strong>commemoratione</strong></span> <span class='ocrx_word' id='word_1_167' title='bbox 920 1553 1076 1606; x_wconf 87' lang='lat' dir='ltr'><strong>dignum</strong></span> <span class='ocrx_word' id='word_1_168' title='bbox 1106 1553 1244 1591; x_wconf 87' lang='lat' dir='ltr'><strong>videri:</strong></span> <span class='ocrx_word' id='word_1_169' title='bbox 1273 1553 1328 1590; x_wconf 86' lang='lat' dir='ltr'><strong>sin</strong></span> <span class='ocrx_word' id='word_1_170' title='bbox 1357 1567 1450 1590; x_wconf 87' lang='lat' dir='ltr'><strong>vero</strong></span> <span class='ocrx_word' id='word_1_171' title='bbox 1479 1553 1515 1590; x_wconf 81' lang='lat' dir='ltr'><strong>id</strong></span> 
     </span>
     <span class='ocr_line' id='line_1_22' title="bbox 175 1621 1515 1677; baseline -0.001 -15"><span class='ocrx_word' id='word_1_172' title='bbox 175 1622 350 1662; x_wconf 85' lang='lat' dir='ltr'><strong>cantandi</strong></span> <span class='ocrx_word' id='word_1_173' title='bbox 377 1621 590 1676; x_wconf 89' lang='lat' dir='ltr'><strong>periculum</strong></span> <span class='ocrx_word' id='word_1_174' title='bbox 609 1623 646 1662; x_wconf 92' lang='lat' dir='ltr'><strong>in</strong></span> <span class='ocrx_word' id='word_1_175' title='bbox 666 1624 813 1676; x_wconf 88' lang='lat' dir='ltr'><strong>privata</strong></span> <span class='ocrx_word' id='word_1_176' title='bbox 835 1623 950 1663; x_wconf 89' lang='lat' dir='ltr'><strong>domo</strong></span> <span class='ocrx_word' id='word_1_177' title='bbox 971 1625 1070 1673; x_wconf 84' lang='lat' dir='ltr'><strong>fecit,</strong></span> <span class='ocrx_word' id='word_1_178' title='bbox 1097 1638 1214 1677; x_wconf 89' lang='lat' dir='ltr'><strong>quum</strong></span> <span class='ocrx_word' id='word_1_179' title='bbox 1243 1622 1313 1661; x_wconf 89' lang='lat' dir='ltr'><strong>soli</strong></span> <span class='ocrx_word' id='word_1_180' title='bbox 1337 1627 1515 1676; x_wconf 88' lang='lat' dir='ltr'><strong>parentes</strong></span> 
     </span>
     <span class='ocr_line' id='line_1_23' title="bbox 173 1695 1513 1749; baseline -0.001 -16"><span class='ocrx_word' id='word_1_181' title='bbox 173 1695 363 1741; x_wconf 86' lang='lat' dir='ltr'><strong>adessent,</strong></span> <span class='ocrx_word' id='word_1_182' title='bbox 391 1695 486 1748; x_wconf 90' lang='lat' dir='ltr'><strong>quis,</strong></span> <span class='ocrx_word' id='word_1_183' title='bbox 515 1707 672 1748; x_wconf 89' lang='lat' dir='ltr'><strong>quaes0,</strong></span> <span class='ocrx_word' id='word_1_184' title='bbox 689 1695 857 1733; x_wconf 87' lang='lat' dir='ltr'><strong>criticam</strong></span> <span class='ocrx_word' id='word_1_185' title='bbox 886 1709 1054 1748; x_wconf 86' lang='lat' dir='ltr'><strong>operam,</strong></span> <span class='ocrx_word' id='word_1_186' title='bbox 1084 1710 1199 1749; x_wconf 88' lang='lat' dir='ltr'><strong>quam</strong></span> <span class='ocrx_word' id='word_1_187' title='bbox 1219 1695 1416 1748; x_wconf 83' lang='lat' dir='ltr'><strong>professus</strong></span> <span class='ocrx_word' id='word_1_188' title='bbox 1444 1700 1513 1741; x_wconf 88' lang='lat' dir='ltr'><strong>est,</strong></span> 
     </span>
     <span class='ocr_line' id='line_1_24' title="bbox 174 1765 1515 1821; baseline 0 -17"><span class='ocrx_word' id='word_1_189' title='bbox 174 1770 332 1820; x_wconf 89' lang='lat' dir='ltr'><strong>propter</strong></span> <span class='ocrx_word' id='word_1_190' title='bbox 361 1770 438 1805; x_wconf 88' lang='lat' dir='ltr'><strong>tam</strong></span> <span class='ocrx_word' id='word_1_191' title='bbox 481 1766 656 1820; x_wconf 88' lang='lat' dir='ltr'><strong>pusillam</strong></span> <span class='ocrx_word' id='word_1_192' title='bbox 692 1779 773 1805; x_wconf 88' lang='lat' dir='ltr'><strong>rem</strong></span> <span class='ocrx_word' id='word_1_193' title='bbox 813 1765 964 1805; x_wconf 86' lang='lat' dir='ltr'><strong>deseret</strong></span> <span class='ocrx_word' id='word_1_194' title='bbox 1004 1780 1125 1821; x_wconf 87' lang='lat' dir='ltr'><strong>eaque</strong></span> <span class='ocrx_word' id='word_1_195' title='bbox 1166 1765 1376 1813; x_wconf 88' lang='lat' dir='ltr'><strong>adnotabit,</strong></span> <span class='ocrx_word' id='word_1_196' title='bbox 1418 1779 1515 1819; x_wconf 91' lang='lat' dir='ltr'><strong>quae</strong></span> 
     </span>
     <span class='ocr_line' id='line_1_25' title="bbox 175 1836 1513 1890; baseline -0.001 -15"><span class='ocrx_word' id='word_1_197' title='bbox 175 1842 213 1875; x_wconf 89' lang='lat' dir='ltr'><strong>et</strong></span> <span class='ocrx_word' id='word_1_198' title='bbox 244 1838 328 1890; x_wconf 88' lang='lat' dir='ltr'><strong>ipsa</strong></span> <span class='ocrx_word' id='word_1_199' title='bbox 363 1836 558 1876; x_wconf 89' lang='lat' dir='ltr'><strong>levissima</strong></span> <span class='ocrx_word' id='word_1_200' title='bbox 585 1841 683 1883; x_wconf 90' lang='lat' dir='ltr'><strong>sunt,</strong></span> <span class='ocrx_word' id='word_1_201' title='bbox 725 1850 850 1889; x_wconf 90' lang='lat' dir='ltr'><strong>neque</strong></span> <span class='ocrx_word' id='word_1_202' title='bbox 892 1851 980 1877; x_wconf 89' lang='lat' dir='ltr'><strong>cum</strong></span> <span class='ocrx_word' id='word_1_203' title='bbox 1019 1839 1136 1876; x_wconf 86' lang='lat' dir='ltr'><strong>totius</strong></span> <span class='ocrx_word' id='word_1_204' title='bbox 1173 1838 1330 1876; x_wconf 86' lang='lat' dir='ltr'><strong>instituti</strong></span> <span class='ocrx_word' id='word_1_205' title='bbox 1368 1838 1513 1875; x_wconf 87' lang='lat' dir='ltr'><strong>ratione</strong></span> 
     </span>
     <span class='ocr_line' id='line_1_26' title="bbox 174 1905 1512 1962; baseline -0.001 -15"><span class='ocrx_word' id='word_1_206' title='bbox 174 1908 379 1962; x_wconf 89' lang='lat' dir='ltr'><strong>quicquam</strong></span> <span class='ocrx_word' id='word_1_207' title='bbox 408 1921 614 1948; x_wconf 88' lang='lat' dir='ltr'><strong>commune</strong></span> <span class='ocrx_word' id='word_1_208' title='bbox 640 1905 810 1946; x_wconf 82' lang='lat' dir='ltr'><strong>habent?</strong></span> <span class='ocrx_word' id='word_1_209' title='bbox 837 1908 997 1948; x_wconf 84' lang='lat' dir='ltr'><strong>Accedit</strong></span> <span class='ocrx_word' id='word_1_210' title='bbox 1022 1909 1139 1962; x_wconf 90' lang='lat' dir='ltr'><strong>ipsius</strong></span> <span class='ocrx_word' id='word_1_211' title='bbox 1167 1908 1345 1945; x_wconf 88' lang='lat' dir='ltr'><strong>orationis</strong></span> <span class='ocrx_word' id='word_1_212' title='bbox 1374 1906 1512 1946; x_wconf 88' lang='lat' dir='ltr'><strong>obscu-</strong></span> 
     </span>
     <span class='ocr_line' id='line_1_27' title="bbox 173 1977 1514 2033; baseline 0.001 -15"><span class='ocrx_word' id='word_1_213' title='bbox 173 1980 282 2018; x_wconf 88' lang='lat' dir='ltr'><strong>ritas:</strong></span> <span class='ocrx_word' id='word_1_214' title='bbox 310 1994 399 2018; x_wconf 87' lang='lat' dir='ltr'><strong>nam</strong></span> <span class='ocrx_word' id='word_1_215' title='bbox 426 1979 522 2018; x_wconf 90' lang='lat' dir='ltr'><strong>haec</strong></span> <span class='ocrx_word' id='word_1_216' title='bbox 542 1977 703 2017; x_wconf 85' lang='lat' dir='ltr'><strong>formula</strong></span> <span class='ocrx_word' id='word_1_217' title='bbox 730 1979 795 2029; x_wconf 52' lang='lat' dir='ltr'><strong>‘ad</strong></span> <span class='ocrx_word' id='word_1_218' title='bbox 816 1979 973 2017; x_wconf 89' lang='lat' dir='ltr'><strong>chorum</strong></span> <span class='ocrx_word' id='word_1_219' title='bbox 992 1991 1201 2031; x_wconf 89' lang='lat' dir='ltr'><strong>puerorum</strong></span> <span class='ocrx_word' id='word_1_220' title='bbox 1221 1977 1514 2033; x_wconf 86' lang='lat' dir='ltr'><strong>puellarumque</strong></span> 
     </span>
     <span class='ocr_line' id='line_1_28' title="bbox 173 2047 1512 2102; baseline 0.001 -16"><span class='ocrx_word' id='word_1_221' title='bbox 173 2048 357 2097; x_wconf 88' lang='lat' dir='ltr'><strong>cantare&#39;,</strong></span> <span class='ocrx_word' id='word_1_222' title='bbox 385 2050 416 2087; x_wconf 93' lang='lat' dir='ltr'><strong>si</strong></span> <span class='ocrx_word' id='word_1_223' title='bbox 444 2052 549 2087; x_wconf 87' lang='lat' dir='ltr'><strong>recte</strong></span> <span class='ocrx_word' id='word_1_224' title='bbox 570 2047 735 2093; x_wconf 85' lang='lat' dir='ltr'><strong>memini,</strong></span> <span class='ocrx_word' id='word_1_225' title='bbox 763 2060 888 2100; x_wconf 86' lang='lat' dir='ltr'><strong>neque</strong></span> <span class='ocrx_word' id='word_1_226' title='bbox 918 2048 965 2087; x_wconf 89' lang='lat' dir='ltr'><strong>de</strong></span> <span class='ocrx_word' id='word_1_227' title='bbox 994 2062 1040 2087; x_wconf 91' lang='lat' dir='ltr'><strong>eo</strong></span> <span class='ocrx_word' id='word_1_228' title='bbox 1069 2055 1293 2102; x_wconf 87' lang='lat' dir='ltr'><strong>usurpatur,</strong></span> <span class='ocrx_word' id='word_1_229' title='bbox 1322 2051 1387 2102; x_wconf 90' lang='lat' dir='ltr'><strong>qui</strong></span> <span class='ocrx_word' id='word_1_230' title='bbox 1408 2051 1512 2089; x_wconf 90' lang='lat' dir='ltr'><strong>chori</strong></span> 
     </span>
     <span class='ocr_line' id='line_1_29' title="bbox 173 2107 1513 2174; baseline 0.001 -16"><span class='ocrx_word' id='word_1_231' title='bbox 173 2107 329 2159; x_wconf 69' lang='lat' dir='ltr'><strong>cantum</strong></span> <span class='ocrx_word' id='word_1_232' title='bbox 356 2117 521 2172; x_wconf 87' lang='lat' dir='ltr'><strong>strophis</strong></span> <span class='ocrx_word' id='word_1_233' title='bbox 548 2117 787 2172; x_wconf 88' lang='lat' dir='ltr'><strong>quibusdam,</strong></span> <span class='ocrx_word' id='word_1_234' title='bbox 816 2133 911 2172; x_wconf 91' lang='lat' dir='ltr'><strong>quas</strong></span> <span class='ocrx_word' id='word_1_235' title='bbox 940 2118 1045 2158; x_wconf 90' lang='lat' dir='ltr'><strong>solus</strong></span> <span class='ocrx_word' id='word_1_236' title='bbox 1074 2125 1210 2167; x_wconf 87' lang='lat' dir='ltr'><strong>cantat,</strong></span> <span class='ocrx_word' id='word_1_237' title='bbox 1239 2120 1453 2174; x_wconf 89' lang='lat' dir='ltr'><strong>interpellat</strong></span> <span class='ocrx_word' id='word_1_238' title='bbox 1468 2136 1513 2160; x_wconf 90' lang='lat' dir='ltr'><strong>ac</strong></span> 
     </span>
     <span class='ocr_line' id='line_1_30' title="bbox 173 2188 1511 2244; baseline 0.001 -14"><span class='ocrx_word' id='word_1_239' title='bbox 173 2190 379 2244; x_wconf 85' lang='lat' dir='ltr'><strong>distinguit,</strong></span> <span class='ocrx_word' id='word_1_240' title='bbox 407 2203 534 2243; x_wconf 87' lang='lat' dir='ltr'><strong>neque</strong></span> <span class='ocrx_word' id='word_1_241' title='bbox 561 2188 668 2228; x_wconf 88' lang='lat' dir='ltr'><strong>chori</strong></span> <span class='ocrx_word' id='word_1_242' title='bbox 696 2190 775 2229; x_wconf 86' lang='lat' dir='ltr'><strong>dux</strong></span> <span class='ocrx_word' id='word_1_243' title='bbox 802 2205 847 2230; x_wconf 83' lang='lat' dir='ltr'><strong>ac</strong></span> <span class='ocrx_word' id='word_1_244' title='bbox 875 2191 1057 2244; x_wconf 86' lang='lat' dir='ltr'><strong>magister</strong></span> <span class='ocrx_word' id='word_1_245' title='bbox 1085 2196 1173 2244; x_wconf 88' lang='lat' dir='ltr'><strong>apte</strong></span> <span class='ocrx_word' id='word_1_246' title='bbox 1199 2193 1249 2230; x_wconf 91' lang='lat' dir='ltr'><strong>ita</strong></span> <span class='ocrx_word' id='word_1_247' title='bbox 1276 2192 1511 2231; x_wconf 86' lang='lat' dir='ltr'><strong>describitur.</strong></span> 
     </span>
     <span class='ocr_line' id='line_1_31' title="bbox 172 2259 1512 2316; baseline 0.003 -17"><span class='ocrx_word' id='word_1_248' title='bbox 172 2259 337 2300; x_wconf 89' lang='lat' dir='ltr'><strong>Gravius</strong></span> <span class='ocrx_word' id='word_1_249' title='bbox 373 2261 488 2299; x_wconf 89' lang='lat' dir='ltr'><strong>etiarn</strong></span> <span class='ocrx_word' id='word_1_250' title='bbox 523 2259 597 2299; x_wconf 93' lang='lat' dir='ltr'><strong>hoc</strong></span> <span class='ocrx_word' id='word_1_251' title='bbox 631 2265 704 2307; x_wconf 87' lang='lat' dir='ltr'><strong>est,</strong></span> <span class='ocrx_word' id='word_1_252' title='bbox 734 2261 837 2314; x_wconf 90' lang='lat' dir='ltr'><strong>quod</strong></span> <span class='ocrx_word' id='word_1_253' title='bbox 866 2263 1056 2302; x_wconf 87' lang='lat' dir='ltr'><strong>neminem</strong></span> <span class='ocrx_word' id='word_1_254' title='bbox 1095 2262 1205 2301; x_wconf 88' lang='lat' dir='ltr'><strong>facile</strong></span> <span class='ocrx_word' id='word_1_255' title='bbox 1233 2263 1512 2316; x_wconf 82' lang='lat' dir='ltr'><strong>explicaturum</strong></span> 
     </span>
     <span class='ocr_line' id='line_1_32' title="bbox 172 2331 1511 2388; baseline 0.001 -17"><span class='ocrx_word' id='word_1_256' title='bbox 172 2331 350 2379; x_wconf 88' lang='lat' dir='ltr'><strong>arbitror,</strong></span> <span class='ocrx_word' id='word_1_257' title='bbox 389 2332 453 2386; x_wconf 91' lang='lat' dir='ltr'><strong>qui</strong></span> <span class='ocrx_word' id='word_1_258' title='bbox 480 2333 517 2371; x_wconf 90' lang='lat' dir='ltr'><strong>in</strong></span> <span class='ocrx_word' id='word_1_259' title='bbox 547 2344 591 2374; x_wconf 88' lang='lat' dir='ltr'><strong>ea</strong></span> <span class='ocrx_word' id='word_1_260' title='bbox 619 2333 805 2371; x_wconf 86' lang='lat' dir='ltr'><strong>sententia</strong></span> <span class='ocrx_word' id='word_1_261' title='bbox 843 2332 1218 2387; x_wconf 82' lang='lat' dir='ltr'><strong>plusquamperfecto</strong></span> <span class='ocrx_word' id='word_1_262' title='bbox 1254 2339 1429 2388; x_wconf 86' lang='lat' dir='ltr'><strong>tempore</strong></span> <span class='ocrx_word' id='word_1_263' title='bbox 1458 2337 1511 2375; x_wconf 90' lang='lat' dir='ltr'><strong>uti</strong></span> 
     </span>
     <span class='ocr_line' id='line_1_33' title="bbox 170 2402 1509 2456; baseline 0.001 -13"><span class='ocrx_word' id='word_1_264' title='bbox 170 2403 337 2456; x_wconf 87' lang='lat' dir='ltr'><strong>potuerit</strong></span> <span class='ocrx_word' id='word_1_265' title='bbox 356 2402 579 2449; x_wconf 86' lang='lat' dir='ltr'><strong>Mavortius,</strong></span> <span class='ocrx_word' id='word_1_266' title='bbox 598 2402 702 2455; x_wconf 91' lang='lat' dir='ltr'><strong>quod</strong></span> <span class='ocrx_word' id='word_1_267' title='bbox 722 2416 743 2442; x_wconf 89' lang='lat' dir='ltr'><strong>a</strong></span> <span class='ocrx_word' id='word_1_268' title='bbox 762 2408 843 2443; x_wconf 81' lang='lat' dir='ltr'><strong>toto</strong></span> <span class='ocrx_word' id='word_1_269' title='bbox 862 2404 950 2443; x_wconf 94' lang='lat' dir='ltr'><strong>loco</strong></span> <span class='ocrx_word' id='word_1_270' title='bbox 966 2404 1016 2442; x_wconf 87' lang='lat' dir='ltr'><strong>ita</strong></span> <span class='ocrx_word' id='word_1_271' title='bbox 1033 2403 1199 2442; x_wconf 87' lang='lat' dir='ltr'><strong>alienum</strong></span> <span class='ocrx_word' id='word_1_272' title='bbox 1220 2409 1288 2452; x_wconf 88' lang='lat' dir='ltr'><strong>est,</strong></span> <span class='ocrx_word' id='word_1_273' title='bbox 1316 2411 1357 2444; x_wconf 87' lang='lat' dir='ltr'><strong>ut</strong></span> <span class='ocrx_word' id='word_1_274' title='bbox 1376 2406 1509 2445; x_wconf 88' lang='lat' dir='ltr'><strong>doctus</strong></span> 
     </span>
     <span class='ocr_line' id='line_1_34' title="bbox 169 2471 1509 2529; baseline 0.001 -16"><span class='ocrx_word' id='word_1_275' title='bbox 169 2473 325 2526; x_wconf 89' lang='lat' dir='ltr'><strong>quidem</strong></span> <span class='ocrx_word' id='word_1_276' title='bbox 361 2471 479 2513; x_wconf 72' lang='lat' dir='ltr'><strong>homo</strong></span> <span class='ocrx_word' id='word_1_277' title='bbox 505 2488 553 2513; x_wconf 92' lang='lat' dir='ltr'><strong>ne</strong></span> <span class='ocrx_word' id='word_1_278' title='bbox 581 2477 690 2512; x_wconf 85' lang='lat' dir='ltr'><strong>sexto</strong></span> <span class='ocrx_word' id='word_1_279' title='bbox 719 2474 872 2526; x_wconf 88' lang='lat' dir='ltr'><strong>quidem</strong></span> <span class='ocrx_word' id='word_1_280' title='bbox 907 2474 1036 2514; x_wconf 92' lang='lat' dir='ltr'><strong>seculo</strong></span> <span class='ocrx_word' id='word_1_281' title='bbox 1072 2475 1121 2513; x_wconf 86' lang='lat' dir='ltr'><strong>ita</strong></span> <span class='ocrx_word' id='word_1_282' title='bbox 1151 2477 1359 2529; x_wconf 88' lang='lat' dir='ltr'><strong>scripturus</strong></span> <span class='ocrx_word' id='word_1_283' title='bbox 1389 2478 1509 2516; x_wconf 82' lang='lat' dir='ltr'><strong>fuerit.</strong></span> 
     </span>
    </p>
   </div>
  </div>
 </body>
</html>
