1669 2839
1020 156 1050 190 0

173 200 287 256 nemo
317 199 418 256 enim
432 205 603 271 'graviter
626 203 864 271 ‘aegrotantis
883 215 1121 255 curationem
1140 210 1187 254 ab'
1208 212 1387 254 athletico
1405 213 1513 255 vicht

172 287 385 338 inchoat,
425 287 628 343 ipsumque
667 279 771 329 illud'
795 292 937 342 oryzae
973 287 1219 342 ptisanarium
1259 277 1335 327 non
1356 285 1514 327 'videtur
1574 311 1577 317 -

173 360 381 402 admodum
409 360 643 402 athleticum.
688 358 868 415 Denique
886 361 951 416 qui
971 359 1266 400 edacitate‘cum
1282 358 1365 399 illis
1391 358 1514 398 homia

172 445 265 475 num
294 424 528 474 edacissimis
569 438 717 474 certare
755 432 877 482 volet,
919 433 952 474 ei
985 438 1064 473 tota
1092 431 1254 474 macella
1295 430 1515 472 evacuanda

172 513 279 548 sunt:
307 506 419 562 quale
448 501 538 561 quid
557 507 587 545 si
607 507 817 548 audivisset
843 520 981 546 avarus
1006 506 1134 555 homo,
1163 520 1251 546 eum
1277 519 1370 560 prae
1397 504 1512 544 nimio

171 586 317 620 terrore
343 579 570 618 moriturum
599 579 715 620 ruisse
743 580 923 621 credibile
942 565 1011 620 est.
1054 573 1154 619 sunt
1171 578 1268 618 haee
1286 575 1512 632 argumenta

171 653 223 691 ita
265 651 417 707 gravia,
459 655 501 690 ut
532 664 687 691 versum
728 663 804 692 non
836 653 1041 704 interprete
1081 642 1197 706 egere
1229 650 1404 699 arbitrer,
1445 649 1513 689 sed

172 716 355 764 medico:v
371 727 500 778 neque
526 735 600 778 ego
627 724 772 778 primus
802 732 886 765 sum
912 726 951 766 in
965 731 1016 770 ea,
1040 723 1237 764 sententia.
1254 708 1513 762 'Marklandus

171 800 290 851 qutim
316 795 416 836 idem
435 795 643 843 iudicarem
658 795 789 836 locum
803 798 856 837 ita
870 798 1042 848 mutavit,
1070 801 1114 835 ut
1135 808 1205 850 pro
1231 795 1414 850 ingenti
1438 793 1513 834 ful-

172 875 256 910 tura
283 870 515 924 ingestam
543 873 724 922 poneret:
760 870 868 910 cuius
890 868 996 910 verbi
1022 881 1111 911 cum
1139 867 1282 923 duplex
1308 865 1430 923 possit
1455 868 1512 907 ina

169 943 391 998 terpretatio
420 941 643 996 excogitari,
674 946 849 981 neutram
878 942 967 983 mihi
994 941 1147 997 probari
1173 942 1304 980 fateor.
1359 939 1511 981 Etenim

170 1016 201 1055 si
229 1014 275 1055 de
301 1014 384 1070 ipso
412 1011 499 1053 cibo
527 1013 692 1068 cogitas,
720 1014 804 1069 qui,
832 1016 1011 1070 quoniam
1038 1028 1107 1070 per
1134 1026 1179 1053 os
1204 1014 1242 1053 in
1270 1011 1512 1054 stomachum

169 1087 364 1142 ingeritur,
391 1088 577 1140 ingesta
605 1085 786 1125 fultura
815 1087 939 1126 dictus
958 1088 1023 1131 sit:
1052 1088 1189 1126 mirum
1209 1086 1372 1133 videtur,
1392 1085 1512 1124 medi-

169 1173 259 1200 cum
277 1164 356 1199 tam
374 1159 412 1200 in
433 1157 627 1213 loquendo
648 1156 921 1215 elegantiarum
941 1158 1154 1200 studiosum
1169 1159 1296 1207 fuisse,
1319 1162 1371 1206 ut,
1392 1171 1509 1212 quum

169 1221 438 1272 moribundum
464 1232 660 1271 hominem
689 1232 857 1271 excitare
896 1232 1031 1280 vellet,
1073 1246 1118 1271 eo
1145 1238 1274 1271 tamen
1314 1230 1511 1271 schemate

170 1301 485 1344 satisinl'eliciter
512 1308 694 1351 uteretur,
721 1304 825 1358 quod
852 1301 896 1345 ἓν
923 1304 993 1346 διὰ
1022 1306 1133 1346 δυοῖν
1161 1298 1363 1360 appellant,
1390 1296 1509 1358 quum

168 1382 300 1432 posset
326 1375 520 1431 aliquanto
544 1376 757 1430 'simplicius
774 1377 826 1416 ita
847 1376 993 1417 dicere:
1019 1378 1056 1417 ni
1074 1379 1225 1433 ingesto
1254 1376 1338 1417 cibo
1367 1381 1510 1416 stoma-

169 1450 242 1491 cho
270 1449 409 1490 fultura
438 1442 598 1490 accedit.
653 1448 720 1488 Sin
754 1454 882 1489 autem
920 1451 1156 1505 ingestam
1196 1448 1428 1490 fulturam
1460 1449 1509 1489 de

168 1529 265 1578 potu
289 1513 594 1577 interpretamur,
622 1527 664 1561 ut
682 1521 832 1563 Falerni
858 1522 996 1563 calices
1022 1525 1175 1579 ingeri
1200 1522 1375 1564 Catullus
1400 1522 1509 1561 iussit

167 1595 229 1643 27,
248 1596 292 1633 2:
314 1607 357 1653 ea
377 1593 583 1649 explicatio
604 1599 642 1633 et
661 1607 730 1648 per
757 1608 799 1634 se
825 1595 905 1646 ipsa
934 1601 1110 1635 contorta
1138 1595 1328 1635 videbitur
1356 1599 1394 1633 et
1419 1593 1508 1633 huic

166 1667 254 1708 loco
281 1682 358 1708 non
385 1672 495 1722 apta3
529 1667 720 1707 medicum
748 1668 859 1715 enim,
887 1668 951 1722 qui
979 1673 1138 1724 aegroto
1166 1667 1308 1722 aliquid
1334 1667 1507 1721 imperat,

167 1745 298 1795 aperte
337 1739 443 1793 loqui
474 1739 603 1787 decet,
643 1753 720 1779 non
757 1740 919 1780 obscure
955 1746 993 1781 et
1024 1739 1318 1794 αἶνιγματικῶς.
1372 1736 1507 1794 Longe

166 1810 429 1867 praestabilior
456 1810 616 1851 Bentleii
643 1813 862 1852 coniectura
892 1819 966 1861 est,
1005 1815 1057 1854 ita
1085 1812 1282 1854 scribentis
1310 1812 1363 1865 ‘ni
1398 1811 1505 1851 cibus

167 1891 281 1940 atque
318 1891 551 1940 praesens
591 1885 776 1933 accedat'‚
820 1887 923 1941 quod
956 1888 1036 1927 eius
1063 1887 1262 1927 inventum
1289 1891 1367 1925 tam
1396 1897 1506 1939 egre-

166 1960 271 2013 gium
299 1957 389 1998 mihi
413 1948 583 2006 videtur,
610 1965 669 2007 ut,
697 1962 768 2000 nisi
796 1960 842 1999 ab
871 1961 915 1999 iis
936 1960 1129 2001 literarum
1156 1957 1350 2006 ductibus,-
1378 1958 1441 2012 qui
1467 1958 1505 1998 in

167 2030 363 2071 codicibus
390 2034 494 2076 mm,
520 2029 690 2085 longius,
718 2045 834 2086 quam
861 2046 929 2087 par
957 2037 1031 2078 est,
1064 2031 1277 2077 recederet,
1305 2029 1396 2070 nihil
1423 2042 1505 2069 am-

165 2103 265 2158 plius
286 2103 545 2157 quaerendum
568 2104 837 2145 existimarem.
872 2095 920 2145 'ld
948 2119 1065 2159 quum
1092 2106 1173 2159 ipse
1193 2104 1349 2143 vidisset
1368 2108 1405 2143 et
1422 2116 1504 2143 me·-

165 2175 259 2215 liora
286 2175 446 2215 inveniri
473 2188 587 2230 posse
614 2175 874 2232 significasset,
903 2170 1057 2217 Sanado
1076 2189 1154 2216 non
1180 2188 1407 2231 praesens
1435 2175 1504 2215 sed

166 2251 348 2289 instans
377 2246 424 2287 ab
452 2244 612 2288 Horatio
640 2251 825 2304 scriptum
850 2263 936 2290 esse
964 2251 1136 2294 coniecit.
1165 2250 1267 2303 qu'od
1295 2260 1388 2289 sane
1415 2248 1505 2303 pro-

166 2323 253 2378 pius
279 2320 427 2362 accedit
452 2320 499 2360 ad
525 2319 574 2369 id,
603 2322 707 2377 quod
735 2323 925 2377 scriptum¹
946 2329 1051 2364 extat
1075 2325 1113 2364 in
1140 2322 1254 2371 libris,
1282 2328 1326 2363 et·
1341 2322 1503 2365 eandem

165 2397 255 2443 vim,
285 2406 385 2448 quae
408 2394 695 2435 in'Bentleiana
723 2394 887 2434 lectione
914 2397 1028 2444 inest,
1056 2397 1111 2435 iis·
1127 2397 1289 2436 sortasse
1315 2395 1505 2435 videbitur

164 2468 317 2515 babere,
357 2467 422 2526 qui
447 2468 637 2508 interdum
666 2481 722 2515 ea,
764 2480 862 2522 quae
889 2469 1101 2522 praesentia
1129 2473 1235 2516 sunt,
1275 2468 1502 2509 inst-antia

165 2541 238 2581 dici
263 2526 514 2579 meminerint.
557 2540 607 2578 At
632 2539 695 2580 hic
722 2545 851 2580 tamen
877 2540 1059 2594 loquendi
1088 2538 1178 2579 usus
1205 2541 1334 2581 neseio
1354 2555 1401 2581 an
1421 2542 1502 2582 suis
