1669 2839
722 103 810 151 133

100 223 217 263 altera
255 220 454 263 dubitatio
473 219 635 258 accedit.
688 217 780 261 Hoc·
801 219 902 259 enim
929 219 961 258 si
986 218 1143 260 laudare
1170 218 1321 262 volebat
1347 218 1429 262 Ho-

97 293 232 340 ratius,
264 291 370 347 quod
402 290 503 330 idem
530 294 569 329 et
595 289 814 330 Archilochi
837 289 985 331 iambos
1012 296 1051 331 et
1076 290 1303 332 Lesbiorum
1335 305 1429 346 poe-

97 370 223 419 tarum
248 369 370 405 artem
391 363 430 403 in
448 360 602 411 Latium·
626 361 890 411 transtulisset,
916 377 1015 417 quae
1040 368 1174 405 natura
1202 376 1271 404 sua
1298 363 1427 405 admo-

99 436 188 477 dum
216 436 367 477 diversa
394 438 493 481 sunt,
520 433 572 472 ita
591 435 705 474 etiam
726 434 890 476 debebat
910 435 1094 475 disiuncta
1107 442 1427 482 commemorare,

97 514 139 549 ut
156 509 417 563 unusquisque
444 505 555 545 facile
581 507 678 547 inter
703 506 909 562 legendum
935 507 1042 554 illum
1060 506 1273 550 induobus
1299 508 1427 562 poesis

95 580 299 636 generibus
334 578 544 633 principem
578 591 623 617 ac
650 579 871 633 signiferum
909 563 1025 618 inisse
1059 578 1297 633 intelligeret»
1351 580 1427 618 Cui

95 650 371 706 exspectationi
410 663 545 705 parum
581 639 818 704 respondere.
854 664 917 700 ea,
963 663 1063 705 quae
1103 663 1206 691 nune
1244 650 1427 698 feruntur,

94 722 300 763 multorum
327 721 505 777 exempla
533 721 814 772 demonstrant,
850 724 931 779 qui,
967 735 1086 777 quum
1122 722 1224 762 docti
1250 723 1424 777 profecto

94 802 133 836 et
156 796 342 851 ingeniosi
374 795 548 837 homines
582 802 726 849 essent,
752 801 877 836 totum
908 801 1037 836 tamen
1071 795 1199 838 locum
1226 795 1275 836 ad
1302 794 1424 835 solam

92 867 293 908 iambicam
329 868 463 922 poesin
496 868 638 908 referre
677 867 909 916 maluerunt,
949 881 1064 923 quam
1104 867 1264 922 duplicis
1300 867 1425 908 meriti

92 939 245 978 laudem
286 952 508 993 agnoscere.
561 939 690 989 Quare
729 940 853 979 donec
890 939 1120 996 probabilior
1153 938 1252 979 illius
1288 953 1424 979 versus

93 1011 296 1067 explicatio
320 1010 370 1051 ab
397 1009 627 1052 acutioribus
659 1011 890 1059 inveniatur,
909 1009 1097 1051 librarios
1130 1023 1312 1065 peccasse
1339 1024 1423 1051 cre-
1476 1057 1477 1060 Ἴ

92 1084 197 1130 dam,
230 1096 462 1136 quamquam
486 1084 611 1136 ipsum
637 1082 731 1123 illud
758 1083 933 1136 ⁸dictum'
960 1083 1077 1123 nolim
1101 1084 1139 1121 in
1166 1083 1423 1136 suspicionem

92 1149 295 1195 adducere.
330 1153 559 1209 Corrupte'la
574 1155 701 1209 potius
714 1155 753 1196 in
767 1153 840 1195 hac
862 1154 1001 1196 vocula
1021 1151 1158 1209 ‘prius'
1175 1153 1296 1194 latere
1316 1154 1422 1197 vide-

92 1233 169 1274 tur,
204 1241 304 1281 quae
332 1227 403 1265 etsi
435 1240 511 1265 non
539 1227 652 1280 plane
676 1226 922 1266 intolerabilis
949 1232 1023 1273 est,
1059 1228 1180 1265 otiosa
1208 1233 1336 1266 tamen
1365 1233 1423 1266 est

91 1311 216 1351 neque
246 1299 452 1352 quicquam
479 1297 527 1337 ad
554 1299 780 1337 sententiam
815 1297 1082 1351 explicandam
1110 1298 1271 1337 confert:
1305 1297 1422 1350 ‘quid-

90 1370 180 1424 quid
205 1370 307 1409 enim
333 1368 426 1409 illud
445 1374 514 1417 est,
539 1370 642 1423 quod
668 1370 813 1424 primus
840 1368 1013 1423 vulgavit
1037 1367 1231 1416 Horatius,
1259 1369 1289 1407 si
1314 1368 1353 1409 id
1372 1383 1418 1408 eo

91 1447 276 1495 tempore,
304 1454 380 1495 quo
409 1440 458 1479 ab
483 1441 548 1480 illo
576 1440 816 1495 vulgabatur,
844 1453 938 1493 ‘non
965 1440 1039 1479 alio
1059 1454 1125 1480 ore
1151 1440 1315 1481 dictum’
1342 1441 1423 1499 fuit3

89 1527 203 1554 nemo
231 1518 290 1553 est
316 1513 406 1567 quin
434 1512 629 1569 intelligat,
658 1528 679 1553 e
703 1512 942 1569 prioribus
969 1512 1160 1555 neminem
1181 1512 1220 1555 id
1241 1512 1423 1568 attigisse.

90 1585 219 1639 ltaque
246 1585 350 1638 quod
378 1599 479 1624 nunc
506 1585 644 1639 ⁴prius'
671 1590 739 1632 est,
767 1585 868 1624 aliud
897 1584 986 1624 olim
1013 1596 1139 1636 neque
1165 1583 1326 1637 vulgare
1352 1598 1421 1623 vo-

90 1656 268 1696 cabulum
295 1657 411 1696 fuisse
439 1657 611 1704 coniici0,
646 1656 759 1710 quod,
795 1671 913 1711 quum
941 1657 1021 1695 sive
1047 1667 1139 1694 casu
1175 1653 1421 1695 obscuratum

90 1728 170 1767 sive
189 1741 210 1766 a
237 1711 396 1767 librariis
422 1728 546 1767 minus
575 1727 697 1767 doctis
725 1733 949 1782 corruptum
976 1730 1097 1773 essct,
1125 1726 1219 1765 scite
1246 1740 1268 1766 a
1296 1740 1422 1780 gram·

90 1800 229 1839 matico
257 1799 308 1839 ita
344 1804 533 1839 mutatum
559 1800 623 1848 sit,
665 1804 707 1839 ut
732 1801 862 1856 prius
890 1799 1081 1840 evaderet.
1135 1796 1248 1838 Haud
1274 1799 1421 1853 ignoro,

90 1870 164 1909 hoc
189 1871 493 1911 coniecturarum
531 1886 653 1926 genus
694 1877 800 1912 recte
837 1871 1029 1925 aliquanto
1068 1871 1192 1909 minus
1224 1869 1420 1923 probabile

90 1940 220 1982 haberi
246 1956 310 1990 eo,
349 1943 452 1997 quod
479 1944 601 1999 ipsam
628 1943 823 1983 literarum
850 1941 1131 1982 similitudinem
1158 1942 1346 1996 sequitur:
1382 1946 1421 1980 at

91 2013 253 2052 viderint
279 2018 405 2055 tamen
432 2017 502 2056 viri
530 2017 643 2064 docti,
683 2030 775 2056 num
800 2008 1017 2056 incredibile
1044 2015 1102 2062 sit,
1142 2013 1342 2054 Horatium
1368 2015 1419 2054 ita

91 2082 306 2137 scripsisse:

242 2154 348 2196 hinc
374 2173 448 2213 ego
475 2174 553 2201 non
579 2159 653 2200 alio
679 2160 823 2200 dictum
852 2158 997 2199 melos
1025 2174 1090 2199 ore
1119 2158 1275 2200 Latinus

243 2226 398 2282 vulgavi
425 2230 569 2271 fidicen.
660 2278 665 2286 Ι

92 2299 254 2338 Constat
281 2300 380 2339 enim
407 2303 554 2342 melos
582 2306 777 2357 proprium
805 2304 990 2345 eiusmodi
1016 2304 1224 2342 carminum
1249 2302 1420 2342 vocabu-

89 2368 168 2409 lum
195 2383 296 2418 esse‚
335 2371 459 2425 qualia
483 2372 666 2414 Horatius
693 2376 876 2423 condidit,
917 2375 979 2429 qui
1001 2374 1083 2428 ipse
1108 2386 1224 2414 carm.
1250 2371 1308 2413 Ill.
1333 2373 1367 2413 4.
1399 2374 1414 2409 1

93 2438 293 2497 Calliopen
319 2443 370 2483 ita
396 2444 549 2485 invocat
576 2447 782 2499 ‘descende
807 2447 918 2488 coelo
938 2451 976 2486 et
997 2445 1069 2487 dic
1094 2460 1170 2501 age
1180 2446 1272 2486 tibia
1289 2444 1417 2497 reg'ma

95 2511 252 2569 longum
279 2515 455 2573 Calliope
486 2516 678 2559 melos’:
712 2519 831 2578 idque
865 2517 1095 2561 vocabulum
1120 2532 1199 2561 non
1224 2517 1339 2557 fuisse
1363 2515 1416 2555 ita
