1669 2839
732 73 794 134 ’τ

93 188 229 239 coepta
270 196 373 225 esse:
413 188 454 223 at
481 197 551 223 eae
587 185 865 232 distinctiones,
906 194 1006 238 quae
1030 183 1071 224 in
1096 182 1188 237 ipsis
1220 186 1431 228 carminum

91 256 259 299 numeris
285 256 431 305 insunt,
471 256 618 297 etiamsi
644 256 751 297 furca
778 254 1029 312 expellantur,
1058 259 1188 295 tamen
1223 268 1344 310 usque
1370 270 1431 298 re-

93 332 261 369 currunt.
314 320 441 382 Amne
481 333 523 368 ut
561 329 789 377 concedam,
837 330 963 369 invitis
1001 329 1171 382 nutris
1202 327 1298 368 haec
1340 328 1435 369 con-⁴

93 401 198 453 iungi
238 412 354 453 posse
382 399 554 453 ‘sedulus
594 400 822 449 adlabores',
855 400 1099 447 nihilominus
1128 401 1167 439 in
1205 398 1432 454 explicando

93 485 207 511 versu
245 470 398 510 haereo.
453 471 744 511 A⁷dlaborare
778 473 878 511 enim
919 486 1036 525 quum
1077 473 1250 513 dicantur
1283 474 1327 522 ii,
1369 475 1434 528 qui

91 546 128 583 in
168 541 292 595 aliqua
332 556 374 582 re
413 542 577 582 multum
618 557 758 597 operae
798 548 942 598 ponant
976 548 1089 596 atque
1125 544 1164 583 in
1203 545 1433 597 perficienda

93 628 138 653 ea
171 612 294 652 seduli
320 613 425 661 sint,
472 614 563 667 quid
606 614 778 654 dicemus
818 613 1020 652 Horatium
1061 620 1272 667 spectasse,
1314 630 1432 669 quum

93 687 229 726 eadem
262 699 304 725 re
339 684 395 723 bis
436 685 537 725 dicta
577 685 795 738 ‘adlabores
835 685 1008 726 sedulus'
1048 687 1259 726 orationem
1299 701 1432 727 onera-

93 762 169 804 ret,
208 770 286 796 non
323 754 502 795 ornaret?
547 757 715 796 Possunt
755 756 889 796 similia
925 757 1112 810 quaedam
1139 757 1241 810 apud
1269 760 1432 811 optimos

92 830 316 883 scriptores,
357 834 396 868 at
429 828 586 868 eosdem
621 830 755 883 copiae
790 829 828 869 in
869 828 1031 869 dicendo
1072 827 1282 878 studiosos,
1324 830 1432 872 inve-

92 902 179 949 niri,
238 900 345 940 velut
389 900 492 954 apud
532 899 781 940 Ciceronem:
826 900 894 939 sed
937 900 1022 953 quis
1062 913 1138 938 non
1185 902 1306 949 videt,
1351 903 1431 940 ina-

90 986 181 1013 nem
207 971 414 1012 verborum
453 971 751 1013 cumulationem
791 985 944 1012 omnem
985 969 1144 1010 alienam
1173 984 1257 1010 esse
1284 969 1331 1009 ab
1357 970 1432 1011 hoc

91 1045 270 1092 carmine,
297 1043 401 1097 quod
428 1048 467 1082 et
492 1044 619 1097 ipsum
645 1042 912 1083 brevissimum
939 1048 1008 1100 est,
1037 1046 1076 1080 et
1095 1043 1132 1080 in
1153 1041 1431 1095 simplicissimo

95 1120 322 1170 argumento
350 1114 552 1155 versatur?
588 1114 699 1165 Quae
726 1114 927 1155 difficultas
954 1118 1067 1154 aucta
1094 1114 1205 1152 etiam
1232 1118 1290 1152 est
1305 1112 1353 1153 ab
1375 1114 1431 1160 iis,

94 1188 159 1242 qui
201 1185 371 1241 ‘sedulus
412 1185 588 1235 curae'‚
629 1200 744 1241 quam
778 1185 986 1225 lectionem
1027 1199 1048 1224 e
1080 1184 1293 1224 Bodleiano
1332 1184 1430 1223 libro

94 1259 292 1300 Bentleius
334 1260 520 1306 enotavit,
565 1258 628 1298 vel
667 1258 840 1313 ‘sedulus
881 1257 987 1298 cura'
1029 1256 1194 1298 scribere
1227 1254 1430 1303 malebant,

94 1337 132 1371 et
159 1337 363 1386 utramque
389 1329 591 1370 formulam
620 1331 667 1370 de
695 1344 808 1371 curae
846 1328 1045 1369 sedulitate
1076 1328 1433 1383 interpretabantur.

93 1400 155 1440 Ne
184 1415 228 1440 ea
257 1402 422 1454 quidem,
450 1415 549 1456 quae
576 1403 659 1456 ipse
685 1401 885 1441 Bentleius
913 1401 1128 1454 disputavit,
1155 1399 1275 1445 multo
1301 1401 1433 1440 verisi-

94 1472 242 1511 miliora
283 1472 373 1511 mihi
414 1473 602 1512 videntur.
657 1472 773 1522 Quod
814 1472 914 1511 enim
947 1470 1149 1510 Horatium
1187 1472 1237 1509 ita
1271 1486 1432 1526 puerum

92 1544 364 1599 adloquentem
398 1544 503 1585 facit:
545 1543 722 1599 ‘simplici
755 1547 880 1597 myrto
914 1541 1006 1582 nihil
1047 1541 1247 1582 adlabores
1275 1543 1431 1584 sedulus

94 1614 218 1655 cura!'
246 1616 285 1655 id
305 1617 338 1655 ei
358 1615 523 1662 lectioni,
551 1629 666 1669 quam
694 1615 848 1654 codices
877 1616 1009 1667 optimi
1036 1619 1201 1662 tuentur,
1228 1628 1305 1653 non
1333 1616 1431 1654 mul-

93 1692 175 1727 tum
215 1693 395 1742 praestat.
452 1688 583 1728 Potest
624 1687 724 1726 enim
765 1686 878 1726 alicui
913 1686 1092 1740 imperari
1130 1690 1171 1723 ut
1199 1692 1353 1734 curet,
1394 1692 1432 1726 at

64 1777 69 1781 ·
92 1764 220 1813 potest
246 1764 328 1799 tum
356 1760 528 1808 demum,
566 1773 685 1814 quum
712 1758 759 1797 ad
786 1772 868 1798 rem
899 1758 1170 1812 perficiendam
1198 1771 1290 1797 cura
1317 1764 1433 1813 atque

93 1830 288 1886 diligentia
315 1830 528 1872 adhibenda
556 1835 634 1870 est:
662 1831 791 1884 itaque
817 1834 859 1869 ut
885 1831 1095 1869 rectissime
1123 1843 1165 1868 se
1191 1830 1333 1869 habent
1358 1831 1432 1870 hae

94 1902 299 1942 formulae:
335 1917 447 1956 ‘cura
465 1909 507 1944 ut
525 1902 672 1942 valeas'
700 1914 809 1954 ⁶cura
836 1906 879 1939 ut
905 1901 980 1940 sint
1005 1901 1108 1940 domi
1134 1906 1266 1953 parata
1294 1902 1431 1941 omnia'

92 1987 203 2027 ‘cura
220 1988 270 2013 ne
298 1978 425 2013 cures'
454 1974 573 2027 (quod
600 1973 738 2012 medici
764 1973 1016 2025 praecipiunt)
1043 1971 1264 2026 multaeque
1294 1972 1431 2013 harum

92 2044 314 2091 simillimae,
342 2045 394 2082 ita
415 2045 544 2083 nescio
573 2057 620 2083 an
647 2042 760 2096 plane
787 2043 989 2085 ridiculum
1017 2045 1075 2093 sit,
1103 2045 1298 2086 servulum
1325 2061 1433 2087 rosas

90 2115 128 2154 in
154 2113 273 2154 hortis
301 2119 564 2168 quaerentem,
592 2129 711 2169 quum
739 2116 861 2169 ipsam
888 2114 987 2155 hanc
1014 2129 1146 2155 curam
1168 2117 1216 2155 ab
1236 2131 1282 2157 eo
1312 2120 1434 2158 omitti

92 2186 287 2234 volumus,
320 2186 378 2226 his
406 2188 486 2227 fere
513 2186 642 2227 verbis
669 2187 861 2228 dehortari
887 2201 997 2241 ‘cura
1025 2193 1067 2227 ut
1094 2202 1232 2242 operae
1260 2190 1431 2243 parcas’;

93 2273 138 2300 ac
165 2260 287 2315 magis
314 2259 429 2299 etiam
456 2258 658 2299 ridiculum
686 2261 767 2309 erit,
795 2273 924 2315 quum,
953 2260 1164 2300 coniunctis
1190 2262 1234 2300 iis
1261 2261 1431 2302 vocabu-

92 2333 149 2382 lis,
177 2346 276 2388 quae
302 2333 369 2372 vix
396 2331 523 2371 divelli
551 2345 667 2385 posse
692 2333 924 2381 monuimus,
965 2347 1052 2373 eum
1076 2334 1113 2372 id
1132 2333 1267 2373 sedulo
1296 2347 1431 2375 curare

90 2404 278 2445 iubemus.
332 2404 442 2455 Quae
468 2405 582 2458 igitur
608 2404 808 2446 Bentleius
835 2406 905 2445 sub
934 2405 1046 2444 finem
1082 2419 1176 2445 suae
1208 2406 1430 2461 disputatio-

90 2476 149 2516 nis
175 2476 344 2531 scripsit:
379 2474 632 2529 ‘mirabuntur
665 2475 838 2531 plerique
866 2482 942 2516 tam
969 2478 1219 2531 conspicuum
1247 2477 1428 2517 mendum
