<?xml version="1.0" encoding="UTF-8"?>
<!DOCTYPE html PUBLIC "-//W3C//DTD XHTML 1.0 Transitional//EN"
    "http://www.w3.org/TR/xhtml1/DTD/xhtml1-transitional.dtd">
<html xmlns="http://www.w3.org/1999/xhtml" xml:lang="en" lang="en">
 <head>
  <title>
</title>
<meta http-equiv="Content-Type" content="text/html;charset=utf-8" />
  <meta name='ocr-system' content='tesseract 3.04.00' />
  <meta name='ocr-capabilities' content='ocr_page ocr_carea ocr_par ocr_line ocrx_word'/>
</head>
<body>
  <div class='ocr_page' id='page_1' title='image "./4738087_0075.png"; bbox 0 0 1669 2839; ppageno 0'>
   <div class='ocr_carea' id='block_1_1' title="bbox 121 117 1523 2545">
    <p class='ocr_par' dir='ltr' id='par_1_1' title="bbox 142 117 1523 1380">
     <span class='ocr_line' id='line_1_1' title="bbox 153 117 1523 226; baseline 0.005 -24"><span class='ocrx_word' id='word_1_1' title='bbox 153 155 349 214; x_wconf 65' lang='lat' dir='ltr'><strong>Hmho</strong></span> <span class='ocrx_word' id='word_1_2' title='bbox 358 152 767 222; x_wconf 54' lang='grc' dir='ltr'><strong>Ὦκοάθδιπιῃῡόθ</strong></span> <span class='ocrx_word' id='word_1_3' title='bbox 776 117 1054 226; x_wconf 50' lang='lat' dir='ltr'><strong>proposuerat</strong></span> <span class='ocrx_word' id='word_1_4' title='bbox 1053 155 1201 215; x_wconf 71' lang='lat' dir='ltr'><strong>faber,</strong></span> <span class='ocrx_word' id='word_1_5' title='bbox 1224 162 1313 208; x_wconf 80' lang='lat' dir='ltr'><strong>boc</strong></span> <span class='ocrx_word' id='word_1_6' title='bbox 1323 164 1523 218; x_wconf 47' lang='lat' dir='ltr'><strong>eraut&amp;-</strong></span> 
     </span>
     <span class='ocr_line' id='line_1_2' title="bbox 150 218 1507 295; baseline 0.004 -20"><span class='ocrx_word' id='word_1_7' title='bbox 150 230 367 289; x_wconf 63' lang='lat' dir='ltr'><strong>pflleh‘ram-</strong></span> <span class='ocrx_word' id='word_1_8' title='bbox 380 218 859 295; x_wconf 51' lang='lat' dir='ltr'><strong>siat-quincoffifflet,</strong></span> <span class='ocrx_word' id='word_1_9' title='bbox 872 239 941 285; x_wconf 73' lang='lat' dir='ltr'><strong>id</strong></span> <span class='ocrx_word' id='word_1_10' title='bbox 938 248 1073 293; x_wconf 77' lang='lat' dir='ltr'><strong>quum</strong></span> <span class='ocrx_word' id='word_1_11' title='bbox 1113 250 1193 279; x_wconf 78' lang='lat' dir='ltr'><strong>non</strong></span> <span class='ocrx_word' id='word_1_12' title='bbox 1233 244 1507 294; x_wconf 75' lang='lat' dir='ltr'><strong>assequeretur</strong></span> 
     </span>
     <span class='ocr_line' id='line_1_3' title="bbox 151 299 1504 363; baseline 0.004 -16"><span class='ocrx_word' id='word_1_13' title='bbox 151 306 300 358; x_wconf 81' lang='lat' dir='ltr'><strong>(infelix</strong></span> <span class='ocrx_word' id='word_1_14' title='bbox 328 299 861 363; x_wconf 59' lang='lat' dir='ltr'><strong>opmcsfflnmayr‘fmtra</strong></span> <span class='ocrx_word' id='word_1_15' title='bbox 888 309 1149 351; x_wconf 82' lang='lat' dir='ltr'><strong>elaborabat</strong></span> <span class='ocrx_word' id='word_1_16' title='bbox 1139 326 1177 352; x_wconf 77' lang='lat' dir='ltr'><strong>in</strong></span> <span class='ocrx_word' id='word_1_17' title='bbox 1204 312 1386 352; x_wconf 78' lang='lat' dir='ltr'><strong>minimis:</strong></span> <span class='ocrx_word' id='word_1_18' title='bbox 1413 314 1504 354; x_wconf 67' lang='lat' dir='ltr'><strong>nam</strong></span> 
     </span>
     <span class='ocr_line' id='line_1_4' title="bbox 152 367 1503 460; baseline 0.004 -40"><span class='ocrx_word' id='word_1_19' title='bbox 152 394 252 435; x_wconf 89' lang='lat' dir='ltr'><strong>quae</strong></span> <span class='ocrx_word' id='word_1_20' title='bbox 288 367 461 435; x_wconf 68' lang='lat' dir='ltr'><strong>singula</strong></span> <span class='ocrx_word' id='word_1_21' title='bbox 473 369 650 460; x_wconf 53' lang='grc' dir='ltr'><strong>ωιᾷῲ</strong></span> <span class='ocrx_word' id='word_1_22' title='bbox 655 368 837 428; x_wconf 49' lang='lat' dir='ltr'><strong>*dobras</strong></span> <span class='ocrx_word' id='word_1_23' title='bbox 872 382 1116 423; x_wconf 78' lang='lat' dir='ltr'><strong>extolluntur</strong></span> <span class='ocrx_word' id='word_1_24' title='bbox 1146 385 1185 425; x_wconf 85' lang='lat' dir='ltr'><strong>in</strong></span> <span class='ocrx_word' id='word_1_25' title='bbox 1221 397 1357 439; x_wconf 86' lang='lat' dir='ltr'><strong>opere,</strong></span> <span class='ocrx_word' id='word_1_26' title='bbox 1397 368 1503 440; x_wconf 82' lang='lat' dir='ltr'><strong>quod</strong></span> 
     </span>
     <span class='ocr_line' id='line_1_5' title="bbox 150 449 1500 512; baseline 0.003 -19"><span class='ocrx_word' id='word_1_27' title='bbox 150 459 274 494; x_wconf 84' lang='lat' dir='ltr'><strong>totum</strong></span> <span class='ocrx_word' id='word_1_28' title='bbox 292 449 499 507; x_wconf 81' lang='lat' dir='ltr'><strong>pulchru&#39;in</strong></span> <span class='ocrx_word' id='word_1_29' title='bbox 519 460 590 503; x_wconf 82' lang='lat' dir='ltr'><strong>ost,</strong></span> <span class='ocrx_word' id='word_1_30' title='bbox 618 468 667 495; x_wconf 69' lang='lat' dir='ltr'><strong>ea</strong></span> <span class='ocrx_word' id='word_1_31' title='bbox 681 455 733 511; x_wconf 69' lang='lat' dir='ltr'><strong>ir}</strong></span> <span class='ocrx_word' id='word_1_32' title='bbox 730 460 883 504; x_wconf 68' lang='lat' dir='ltr'><strong>statim,</strong></span> <span class='ocrx_word' id='word_1_33' title='bbox 894 469 1001 511; x_wconf 79' lang='lat' dir='ltr'><strong>quae</strong></span> <span class='ocrx_word' id='word_1_34' title='bbox 1020 462 1101 497; x_wconf 87' lang='lat' dir='ltr'><strong>tota</strong></span> <span class='ocrx_word' id='word_1_35' title='bbox 1120 456 1305 512; x_wconf 83' lang='lat' dir='ltr'><strong>displicet,</strong></span> <span class='ocrx_word' id='word_1_36' title='bbox 1332 456 1500 511; x_wconf 83' lang='lat' dir='ltr'><strong>plerum-</strong></span> 
     </span>
     <span class='ocr_line' id='line_1_6' title="bbox 147 511 1502 584; baseline 0.004 -20"><span class='ocrx_word' id='word_1_37' title='bbox 147 538 224 580; x_wconf 88' lang='lat' dir='ltr'><strong>que</strong></span> <span class='ocrx_word' id='word_1_38' title='bbox 259 533 308 565; x_wconf 86' lang='lat' dir='ltr'><strong>ne</strong></span> <span class='ocrx_word' id='word_1_39' title='bbox 343 511 625 581; x_wconf 60' lang='lat' dir='ltr'><strong>agnoscuntaff*</strong></span> <span class='ocrx_word' id='word_1_40' title='bbox 646 527 815 583; x_wconf 80' lang='lat' dir='ltr'><strong>quidem.</strong></span> <span class='ocrx_word' id='word_1_41' title='bbox 872 528 1013 569; x_wconf 75' lang='lat' dir='ltr'><strong>Cetera</strong></span> <span class='ocrx_word' id='word_1_42' title='bbox 1046 529 1107 570; x_wconf 75' lang='lat' dir='ltr'><strong>sic</strong></span> <span class='ocrx_word' id='word_1_43' title='bbox 1146 530 1324 584; x_wconf 78' lang='lat' dir='ltr'><strong>expedio.</strong></span> <span class='ocrx_word' id='word_1_44' title='bbox 1375 528 1417 570; x_wconf 89' lang='lat' dir='ltr'><strong>ln</strong></span> <span class='ocrx_word' id='word_1_45' title='bbox 1454 543 1502 569; x_wconf 91' lang='lat' dir='ltr'><strong>eo</strong></span> 
     </span>
     <span class='ocr_line' id='line_1_7' title="bbox 148 598 1501 656; baseline 0.004 -19"><span class='ocrx_word' id='word_1_46' title='bbox 148 598 294 646; x_wconf 88' lang='lat' dir='ltr'><strong>codice,</strong></span> <span class='ocrx_word' id='word_1_47' title='bbox 324 613 346 637; x_wconf 84' lang='lat' dir='ltr'><strong>e</strong></span> <span class='ocrx_word' id='word_1_48' title='bbox 377 612 454 652; x_wconf 89' lang='lat' dir='ltr'><strong>quo</strong></span> <span class='ocrx_word' id='word_1_49' title='bbox 483 605 697 654; x_wconf 79' lang='lat' dir='ltr'><strong>propagata</strong></span> <span class='ocrx_word' id='word_1_50' title='bbox 725 606 785 640; x_wconf 85' lang='lat' dir='ltr'><strong>est</strong></span> <span class='ocrx_word' id='word_1_51' title='bbox 805 600 1033 656; x_wconf 74' lang='lat' dir='ltr'><strong>corruptela</strong></span> <span class='ocrx_word' id='word_1_52' title='bbox 1061 606 1131 656; x_wconf 81' lang='lat' dir='ltr'><strong>per</strong></span> <span class='ocrx_word' id='word_1_53' title='bbox 1157 602 1327 656; x_wconf 87' lang='lat' dir='ltr'><strong>reliquos</strong></span> <span class='ocrx_word' id='word_1_54' title='bbox 1354 602 1501 651; x_wconf 83' lang='lat' dir='ltr'><strong>omnes,</strong></span> 
     </span>
     <span class='ocr_line' id='line_1_8' title="bbox 146 669 1501 726; baseline 0.004 -18"><span class='ocrx_word' id='word_1_55' title='bbox 146 682 222 708; x_wconf 86' lang='lat' dir='ltr'><strong>una</strong></span> <span class='ocrx_word' id='word_1_56' title='bbox 250 669 399 723; x_wconf 81' lang='lat' dir='ltr'>syllaba</span> <span class='ocrx_word' id='word_1_57' title='bbox 421 670 629 719; x_wconf 66' lang='lat' dir='ltr'><strong>exciderat,</strong></span> <span class='ocrx_word' id='word_1_58' title='bbox 655 685 773 726; x_wconf 79' lang='lat' dir='ltr'><strong>quam</strong></span> <span class='ocrx_word' id='word_1_59' title='bbox 800 672 988 720; x_wconf 87' lang='lat' dir='ltr'><strong>librarius,</strong></span> <span class='ocrx_word' id='word_1_60' title='bbox 1017 686 1266 714; x_wconf 90' lang='lat' dir='ltr'><strong>communem</strong></span> <span class='ocrx_word' id='word_1_61' title='bbox 1293 680 1501 714; x_wconf 89' lang='lat' dir='ltr'><strong>consuetu-</strong></span> 
     </span>
     <span class='ocr_line' id='line_1_9' title="bbox 146 741 1499 820; baseline 0.004 -38"><span class='ocrx_word' id='word_1_62' title='bbox 146 741 275 782; x_wconf 80' lang='lat' dir='ltr'><strong>dinem</strong></span> <span class='ocrx_word' id='word_1_63' title='bbox 297 749 465 791; x_wconf 81' lang='lat' dir='ltr'><strong>secutus,</strong></span> <span class='ocrx_word' id='word_1_64' title='bbox 464 758 608 820; x_wconf 88' lang='lat' dir='ltr'><strong>supra</strong></span> <span class='ocrx_word' id='word_1_65' title='bbox 636 744 778 785; x_wconf 83' lang='lat' dir='ltr'><strong>lineam</strong></span> <span class='ocrx_word' id='word_1_66' title='bbox 806 743 1021 800; x_wconf 78' lang='lat' dir='ltr'><strong>adscripsit,</strong></span> <span class='ocrx_word' id='word_1_67' title='bbox 1047 747 1115 786; x_wconf 86' lang='lat' dir='ltr'><strong>ita</strong></span> <span class='ocrx_word' id='word_1_68' title='bbox 1128 751 1171 786; x_wconf 86' lang='lat' dir='ltr'><strong>ut</strong></span> <span class='ocrx_word' id='word_1_69' title='bbox 1191 746 1289 787; x_wconf 86' lang='lat' dir='ltr'><strong>haec</strong></span> <span class='ocrx_word' id='word_1_70' title='bbox 1311 747 1499 802; x_wconf 86' lang='lat' dir='ltr'><strong>scriptura</strong></span> 
     </span>
     <span class='ocr_line' id='line_1_10' title="bbox 146 799 1499 874; baseline 0.004 -20"><span class='ocrx_word' id='word_1_71' title='bbox 146 808 348 856; x_wconf 86' lang='lat' dir='ltr'><strong>evaderet:</strong></span> <span class='ocrx_word' id='word_1_72' title='bbox 383 799 524 858; x_wconf 84' lang='lat' dir='ltr'><strong>inrus.</strong></span> <span class='ocrx_word' id='word_1_73' title='bbox 583 817 785 859; x_wconf 87' lang='lat' dir='ltr'><strong>Eiusmodi</strong></span> <span class='ocrx_word' id='word_1_74' title='bbox 827 817 1000 873; x_wconf 78' lang='lat' dir='ltr'><strong>syllabae</strong></span> <span class='ocrx_word' id='word_1_75' title='bbox 1040 818 1324 874; x_wconf 84' lang='lat' dir='ltr'><strong>suprascriptae</strong></span> <span class='ocrx_word' id='word_1_76' title='bbox 1363 825 1499 860; x_wconf 90' lang='lat' dir='ltr'><strong>notum</strong></span> 
     </span>
     <span class='ocr_line' id='line_1_11' title="bbox 145 882 1499 947; baseline 0.004 -20"><span class='ocrx_word' id='word_1_77' title='bbox 145 893 205 927; x_wconf 87' lang='lat' dir='ltr'><strong>est</strong></span> <span class='ocrx_word' id='word_1_78' title='bbox 232 882 349 943; x_wconf 79' lang='lat' dir='ltr'><strong>quam</strong></span> <span class='ocrx_word' id='word_1_79' title='bbox 378 904 495 945; x_wconf 89' lang='lat' dir='ltr'><strong>saepe</strong></span> <span class='ocrx_word' id='word_1_80' title='bbox 523 892 655 932; x_wconf 86' lang='lat' dir='ltr'><strong>sedem</strong></span> <span class='ocrx_word' id='word_1_81' title='bbox 682 893 934 941; x_wconf 81' lang='lat' dir='ltr'><strong>mutaverint,</strong></span> <span class='ocrx_word' id='word_1_82' title='bbox 967 905 1013 932; x_wconf 84' lang='lat' dir='ltr'><strong>ac</strong></span> <span class='ocrx_word' id='word_1_83' title='bbox 1039 893 1194 947; x_wconf 86' lang='lat' dir='ltr'><strong>saepius</strong></span> <span class='ocrx_word' id='word_1_84' title='bbox 1223 893 1338 933; x_wconf 83' lang='lat' dir='ltr'><strong>etiam</strong></span> <span class='ocrx_word' id='word_1_85' title='bbox 1365 892 1499 933; x_wconf 85' lang='lat' dir='ltr'><strong>literae</strong></span> 
     </span>
     <span class='ocr_line' id='line_1_12' title="bbox 146 959 1499 1018; baseline 0.004 -20"><span class='ocrx_word' id='word_1_86' title='bbox 146 959 178 998; x_wconf 87' lang='lat' dir='ltr'>E</span> <span class='ocrx_word' id='word_1_87' title='bbox 200 966 238 1000; x_wconf 89' lang='lat' dir='ltr'><strong>et</strong></span> <span class='ocrx_word' id='word_1_88' title='bbox 256 960 270 999; x_wconf 95' lang='lat' dir='ltr'><strong>l</strong></span> <span class='ocrx_word' id='word_1_89' title='bbox 290 963 474 1002; x_wconf 86' lang='lat' dir='ltr'><strong>confusae</strong></span> <span class='ocrx_word' id='word_1_90' title='bbox 493 969 584 1004; x_wconf 75' lang='lat' dir='ltr'><strong>sunt</strong></span> <span class='ocrx_word' id='word_1_91' title='bbox 602 978 623 1003; x_wconf 92' lang='lat' dir='ltr'><strong>a</strong></span> <span class='ocrx_word' id='word_1_92' title='bbox 643 964 815 1003; x_wconf 87' lang='lat' dir='ltr'><strong>librariis.</strong></span> <span class='ocrx_word' id='word_1_93' title='bbox 857 963 989 1018; x_wconf 73' lang='lat' dir='ltr'><strong>ltaque</strong></span> <span class='ocrx_word' id='word_1_94' title='bbox 1008 964 1121 1004; x_wconf 84' lang='lat' dir='ltr'><strong>facile</strong></span> <span class='ocrx_word' id='word_1_95' title='bbox 1139 979 1188 1004; x_wconf 88' lang='lat' dir='ltr'><strong>ex</strong></span> <span class='ocrx_word' id='word_1_96' title='bbox 1214 964 1339 1004; x_wconf 74' lang='lat' dir='ltr'><strong>valtero</strong></span> <span class='ocrx_word' id='word_1_97' title='bbox 1366 970 1499 1005; x_wconf 77' lang='lat' dir='ltr'><strong>errore</strong></span> 
     </span>
     <span class='ocr_line' id='line_1_13' title="bbox 144 1031 1499 1091; baseline 0.004 -21"><span class='ocrx_word' id='word_1_98' title='bbox 144 1031 243 1072; x_wconf 81' lang='lat' dir='ltr'><strong>alter</strong></span> <span class='ocrx_word' id='word_1_99' title='bbox 263 1035 351 1074; x_wconf 88' lang='lat' dir='ltr'><strong>oriri</strong></span> <span class='ocrx_word' id='word_1_100' title='bbox 370 1040 596 1089; x_wconf 18' lang='lat' dir='ltr'><strong>poterat‚ssut</strong></span> <span class='ocrx_word' id='word_1_101' title='bbox 614 1035 849 1076; x_wconf 83' lang='lat' dir='ltr'><strong>scriberetur</strong></span> <span class='ocrx_word' id='word_1_102' title='bbox 867 1036 997 1076; x_wconf 89' lang='lat' dir='ltr'><strong>inrus</strong></span> <span class='ocrx_word' id='word_1_103' title='bbox 1018 1042 1080 1077; x_wconf 87' lang='lat' dir='ltr'><strong>et:</strong></span> <span class='ocrx_word' id='word_1_104' title='bbox 1109 1036 1201 1091; x_wconf 88' lang='lat' dir='ltr'><strong>quid</strong></span> <span class='ocrx_word' id='word_1_105' title='bbox 1218 1050 1334 1091; x_wconf 88' lang='lat' dir='ltr'><strong>porro</strong></span> <span class='ocrx_word' id='word_1_106' title='bbox 1352 1036 1499 1076; x_wconf 80' lang='lat' dir='ltr'><strong>factum</strong></span> 
     </span>
     <span class='ocr_line' id='line_1_14' title="bbox 145 1105 1500 1156; baseline 0.003 -13"><span class='ocrx_word' id='word_1_107' title='bbox 145 1105 204 1153; x_wconf 85' lang='lat' dir='ltr'><strong>sit,</strong></span> <span class='ocrx_word' id='word_1_108' title='bbox 232 1120 324 1146; x_wconf 90' lang='lat' dir='ltr'><strong>num</strong></span> <span class='ocrx_word' id='word_1_109' title='bbox 351 1106 641 1147; x_wconf 74' lang='lat' dir='ltr'><strong>imus-‘librarii</strong></span> <span class='ocrx_word' id='word_1_110' title='bbox 663 1107 825 1147; x_wconf 83' lang='lat' dir='ltr'><strong>alicuius</strong></span> <span class='ocrx_word' id='word_1_111' title='bbox 846 1108 998 1148; x_wconf 84' lang='lat' dir='ltr'><strong>calamo</strong></span> <span class='ocrx_word' id='word_1_112' title='bbox 1018 1108 1217 1156; x_wconf 81' lang='lat' dir='ltr'><strong>debeatur,</strong></span> <span class='ocrx_word' id='word_1_113' title='bbox 1235 1122 1284 1147; x_wconf 86' lang='lat' dir='ltr'><strong>an</strong></span> <span class='ocrx_word' id='word_1_114' title='bbox 1305 1114 1500 1155; x_wconf 85' lang='lat' dir='ltr'><strong>correcto·</strong></span> 
     </span>
     <span class='ocr_line' id='line_1_15' title="bbox 143 1177 1497 1236; baseline 0.004 -21"><span class='ocrx_word' id='word_1_115' title='bbox 143 1177 204 1223; x_wconf 88' lang='lat' dir='ltr'><strong>ris,</strong></span> <span class='ocrx_word' id='word_1_116' title='bbox 222 1190 461 1234; x_wconf 79' lang='lat' dir='ltr'><strong>exsanguem</strong></span> <span class='ocrx_word' id='word_1_117' title='bbox 486 1179 666 1219; x_wconf 83' lang='lat' dir='ltr'><strong>vocabuli</strong></span> <span class='ocrx_word' id='word_1_118' title='bbox 684 1179 863 1220; x_wconf 84' lang='lat' dir='ltr'><strong>umbram</strong></span> <span class='ocrx_word' id='word_1_119' title='bbox 882 1182 1081 1236; x_wconf 81' lang='lat' dir='ltr'><strong>captantiS,</strong></span> <span class='ocrx_word' id='word_1_120' title='bbox 1100 1180 1267 1235; x_wconf 87' lang='lat' dir='ltr'><strong>ingenio,</strong></span> <span class='ocrx_word' id='word_1_121' title='bbox 1282 1180 1321 1220; x_wconf 89' lang='lat' dir='ltr'><strong>id</strong></span> <span class='ocrx_word' id='word_1_122' title='bbox 1340 1180 1497 1235; x_wconf 80' lang='lat' dir='ltr'><strong>quidem</strong></span> 
     </span>
     <span class='ocr_line' id='line_1_16' title="bbox 142 1244 1385 1307; baseline 0.01 -19"><span class='ocrx_word' id='word_1_123' title='bbox 142 1249 302 1292; x_wconf 88' lang='lat' dir='ltr'><strong>divinari</strong></span> <span class='ocrx_word' id='word_1_124' title='bbox 329 1264 409 1295; x_wconf 86' lang='lat' dir='ltr'><strong>non</strong></span> <span class='ocrx_word' id='word_1_125' title='bbox 433 1258 573 1307; x_wconf 63' lang='lat' dir='ltr'><strong>potest.</strong></span> <span class='ocrx_word' id='word_1_126' title='bbox 1382 1244 1385 1247; x_wconf 30' lang='grc' dir='ltr'>Ι</span> 
     </span>
     <span class='ocr_line' id='line_1_17' title="bbox 246 1323 1497 1380; baseline 0.002 -19"><span class='ocrx_word' id='word_1_127' title='bbox 246 1323 339 1362; x_wconf 88' lang='lat' dir='ltr'><strong>Scio</strong></span> <span class='ocrx_word' id='word_1_128' title='bbox 367 1323 466 1364; x_wconf 86' lang='lat' dir='ltr'><strong>haec</strong></span> <span class='ocrx_word' id='word_1_129' title='bbox 493 1325 734 1365; x_wconf 83' lang='lat' dir='ltr'><strong>artificiosius</strong></span> <span class='ocrx_word' id='word_1_130' title='bbox 763 1327 981 1380; x_wconf 83' lang='lat' dir='ltr'><strong>excogitata</strong></span> <span class='ocrx_word' id='word_1_131' title='bbox 1012 1340 1115 1373; x_wconf 77' lang='lat' dir='ltr'><strong>esse,</strong></span> <span class='ocrx_word' id='word_1_132' title='bbox 1144 1340 1259 1380; x_wconf 87' lang='lat' dir='ltr'><strong>quam</strong></span> <span class='ocrx_word' id='word_1_133' title='bbox 1288 1331 1332 1364; x_wconf 91' lang='lat' dir='ltr'><strong>ut</strong></span> <span class='ocrx_word' id='word_1_134' title='bbox 1357 1325 1497 1365; x_wconf 83' lang='lat' dir='ltr'><strong>adsen-</strong></span> 
     </span>
    </p>

    <p class='ocr_par' dir='ltr' id='par_1_2' title="bbox 122 1395 1495 1740">
     <span class='ocr_line' id='line_1_18' title="bbox 122 1395 1495 1451; baseline 0.001 -18"><span class='ocrx_word' id='word_1_135' title='bbox 122 1407 228 1438; x_wconf 62' lang='lat' dir='ltr'><strong>aeum</strong></span> <span class='ocrx_word' id='word_1_136' title='bbox 257 1401 490 1450; x_wconf 84' lang='lat' dir='ltr'><strong>extorquere</strong></span> <span class='ocrx_word' id='word_1_137' title='bbox 517 1397 668 1451; x_wconf 79' lang='lat' dir='ltr'><strong>possint</strong></span> <span class='ocrx_word' id='word_1_138' title='bbox 696 1398 811 1437; x_wconf 88' lang='lat' dir='ltr'><strong>etiam</strong></span> <span class='ocrx_word' id='word_1_139' title='bbox 837 1398 983 1437; x_wconf 81' lang='lat' dir='ltr'><strong>invitis:</strong></span> <span class='ocrx_word' id='word_1_140' title='bbox 1018 1410 1136 1436; x_wconf 90' lang='lat' dir='ltr'><strong>unum</strong></span> <span class='ocrx_word' id='word_1_141' title='bbox 1163 1395 1238 1437; x_wconf 92' lang='lat' dir='ltr'><strong>hoc</strong></span> <span class='ocrx_word' id='word_1_142' title='bbox 1265 1409 1417 1444; x_wconf 89' lang='lat' dir='ltr'><strong>moneo,</strong></span> <span class='ocrx_word' id='word_1_143' title='bbox 1444 1409 1495 1436; x_wconf 88' lang='lat' dir='ltr'><strong>ne</strong></span> 
     </span>
     <span class='ocr_line' id='line_1_19' title="bbox 141 1468 1495 1523; baseline 0.001 -17"><span class='ocrx_word' id='word_1_144' title='bbox 141 1469 227 1521; x_wconf 89' lang='lat' dir='ltr'><strong>quis</strong></span> <span class='ocrx_word' id='word_1_145' title='bbox 265 1468 364 1508; x_wconf 69' lang='lat' dir='ltr'><strong>han‘c</strong></span> <span class='ocrx_word' id='word_1_146' title='bbox 398 1469 671 1523; x_wconf 79' lang='lat' dir='ltr'><strong>particularum</strong></span> <span class='ocrx_word' id='word_1_147' title='bbox 708 1469 992 1523; x_wconf 87' lang='lat' dir='ltr'><strong>oppositionem</strong></span> <span class='ocrx_word' id='word_1_148' title='bbox 1029 1474 1093 1521; x_wconf 51' lang='lat' dir='ltr'><strong>‘et</strong></span> <span class='ocrx_word' id='word_1_149' title='bbox 1126 1482 1277 1523; x_wconf 86' lang='lat' dir='ltr'><strong>ungues</strong></span> <span class='ocrx_word' id='word_1_150' title='bbox 1304 1470 1495 1522; x_wconf 86' lang='lat' dir='ltr'><strong>exprimet</strong></span> 
     </span>
     <span class='ocr_line' id='line_1_20' title="bbox 140 1534 1494 1596; baseline 0 -16"><span class='ocrx_word' id='word_1_151' title='bbox 140 1545 185 1580; x_wconf 91' lang='lat' dir='ltr'><strong>et</strong></span> <span class='ocrx_word' id='word_1_152' title='bbox 213 1540 373 1595; x_wconf 84' lang='lat' dir='ltr'><strong>capillos</strong></span> <span class='ocrx_word' id='word_1_153' title='bbox 400 1541 627 1582; x_wconf 72' lang='lat' dir='ltr'><strong>imitabitur&#39;</strong></span> <span class='ocrx_word' id='word_1_154' title='bbox 655 1547 733 1581; x_wconf 86' lang='lat' dir='ltr'><strong>tam</strong></span> <span class='ocrx_word' id='word_1_155' title='bbox 762 1540 981 1596; x_wconf 84' lang='lat' dir='ltr'><strong>elegantem</strong></span> <span class='ocrx_word' id='word_1_156' title='bbox 1001 1555 1087 1581; x_wconf 88' lang='lat' dir='ltr'><strong>esse</strong></span> <span class='ocrx_word' id='word_1_157' title='bbox 1107 1534 1296 1595; x_wconf 64' lang='lat' dir='ltr'><strong>opinetur,</strong></span> <span class='ocrx_word' id='word_1_158' title='bbox 1324 1545 1367 1580; x_wconf 91' lang='lat' dir='ltr'><strong>ut</strong></span> <span class='ocrx_word' id='word_1_159' title='bbox 1385 1541 1494 1581; x_wconf 80' lang='lat' dir='ltr'><strong>nefas</strong></span> 
     </span>
     <span class='ocr_line' id='line_1_21' title="bbox 139 1613 1495 1683; baseline -0.001 -30"><span class='ocrx_word' id='word_1_160' title='bbox 139 1613 188 1653; x_wconf 85' lang='lat' dir='ltr'><strong>sit</strong></span> <span class='ocrx_word' id='word_1_161' title='bbox 215 1614 253 1654; x_wconf 90' lang='lat' dir='ltr'><strong>in</strong></span> <span class='ocrx_word' id='word_1_162' title='bbox 281 1627 326 1654; x_wconf 86' lang='lat' dir='ltr'><strong>ea</strong></span> <span class='ocrx_word' id='word_1_163' title='bbox 354 1613 755 1683; x_wconf 27' lang='lat' dir='ltr'><strong>quicquamfturbare.</strong></span> <span class='ocrx_word' id='word_1_164' title='bbox 799 1613 982 1653; x_wconf 85' lang='lat' dir='ltr'><strong>Horatius</strong></span> <span class='ocrx_word' id='word_1_165' title='bbox 1007 1613 1109 1653; x_wconf 90' lang='lat' dir='ltr'><strong>enim</strong></span> <span class='ocrx_word' id='word_1_166' title='bbox 1128 1625 1248 1667; x_wconf 90' lang='lat' dir='ltr'><strong>quum</strong></span> <span class='ocrx_word' id='word_1_167' title='bbox 1267 1613 1495 1671; x_wconf 85' lang='lat' dir='ltr'><strong>saepissime</strong></span> 
     </span>
     <span class='ocr_line' id='line_1_22' title="bbox 138 1685 1156 1740; baseline -0.001 -15"><span class='ocrx_word' id='word_1_168' title='bbox 138 1687 337 1740; x_wconf 83' lang='lat' dir='ltr'><strong>tripartitis</strong></span> <span class='ocrx_word' id='word_1_169' title='bbox 367 1688 573 1726; x_wconf 87' lang='lat' dir='ltr'><strong>enuntiatis</strong></span> <span class='ocrx_word' id='word_1_170' title='bbox 600 1692 742 1735; x_wconf 82' lang='lat' dir='ltr'><strong>utatur,</strong></span> <span class='ocrx_word' id='word_1_171' title='bbox 771 1686 898 1740; x_wconf 86' lang='lat' dir='ltr'><strong>qualia</strong></span> <span class='ocrx_word' id='word_1_172' title='bbox 925 1685 1023 1725; x_wconf 84' lang='lat' dir='ltr'><strong>haec</strong></span> <span class='ocrx_word' id='word_1_173' title='bbox 1050 1690 1156 1724; x_wconf 88' lang='lat' dir='ltr'><strong>sunt:</strong></span> 
     </span>
    </p>

    <p class='ocr_par' dir='ltr' id='par_1_3' title="bbox 203 1753 1223 1815">
     <span class='ocr_line' id='line_1_23' title="bbox 203 1753 1223 1815; baseline -0.003 -15"><span class='ocrx_word' id='word_1_174' title='bbox 203 1758 376 1815; x_wconf 88' lang='lat' dir='ltr'><strong>gaudent</strong></span> <span class='ocrx_word' id='word_1_175' title='bbox 403 1753 618 1801; x_wconf 88' lang='lat' dir='ltr'><strong>scribentes</strong></span> <span class='ocrx_word' id='word_1_176' title='bbox 646 1765 685 1800; x_wconf 88' lang='lat' dir='ltr'><strong>et</strong></span> <span class='ocrx_word' id='word_1_177' title='bbox 712 1773 755 1800; x_wconf 90' lang='lat' dir='ltr'><strong>se</strong></span> <span class='ocrx_word' id='word_1_178' title='bbox 783 1763 1017 1799; x_wconf 85' lang='lat' dir='ltr'><strong>venerantur</strong></span> <span class='ocrx_word' id='word_1_179' title='bbox 1045 1762 1085 1798; x_wconf 86' lang='lat' dir='ltr'><strong>et</strong></span> <span class='ocrx_word' id='word_1_180' title='bbox 1109 1756 1223 1807; x_wconf 83' lang='lat' dir='ltr'><strong>ultro,</strong></span> 
     </span>
    </p>

    <p class='ocr_par' dir='ltr' id='par_1_4' title="bbox 202 1830 1048 1886">
     <span class='ocr_line' id='line_1_24' title="bbox 202 1830 1048 1886; baseline -0.002 -15"><span class='ocrx_word' id='word_1_181' title='bbox 202 1833 234 1871; x_wconf 89' lang='lat' dir='ltr'><strong>si</strong></span> <span class='ocrx_word' id='word_1_182' title='bbox 261 1837 403 1880; x_wconf 85' lang='lat' dir='ltr'><strong>taceas,</strong></span> <span class='ocrx_word' id='word_1_183' title='bbox 431 1832 591 1872; x_wconf 85' lang='lat' dir='ltr'><strong>laudant</strong></span> <span class='ocrx_word' id='word_1_184' title='bbox 617 1855 688 1871; x_wconf 88' lang='lat'><strong>--.</strong></span> <span class='ocrx_word' id='word_1_185' title='bbox 718 1830 950 1886; x_wconf 82' lang='lat' dir='ltr'><strong>epist.11.2.</strong></span> <span class='ocrx_word' id='word_1_186' title='bbox 975 1832 1048 1869; x_wconf 91' lang='lat'><strong>107</strong></span> 
     </span>
    </p>

    <p class='ocr_par' dir='ltr' id='par_1_5' title="bbox 201 1901 1491 1962">
     <span class='ocr_line' id='line_1_25' title="bbox 201 1901 1491 1962; baseline 0.001 -17"><span class='ocrx_word' id='word_1_187' title='bbox 201 1917 376 1946; x_wconf 85' lang='lat' dir='ltr'><strong>arcessas</strong></span> <span class='ocrx_word' id='word_1_188' title='bbox 404 1910 443 1946; x_wconf 86' lang='lat' dir='ltr'><strong>et</strong></span> <span class='ocrx_word' id='word_1_189' title='bbox 471 1919 589 1962; x_wconf 86' lang='lat' dir='ltr'><strong>egere</strong></span> <span class='ocrx_word' id='word_1_190' title='bbox 614 1910 725 1946; x_wconf 84' lang='lat' dir='ltr'><strong>vetes</strong></span> <span class='ocrx_word' id='word_1_191' title='bbox 754 1909 793 1945; x_wconf 87' lang='lat' dir='ltr'><strong>et</strong></span> <span class='ocrx_word' id='word_1_192' title='bbox 816 1902 990 1947; x_wconf 89' lang='lat' dir='ltr'><strong>scribere</strong></span> <span class='ocrx_word' id='word_1_193' title='bbox 1017 1916 1148 1960; x_wconf 84' lang='lat' dir='ltr'><strong>cogas.</strong></span> <span class='ocrx_word' id='word_1_194' title='bbox 1179 1902 1287 1959; x_wconf 90' lang='lat' dir='ltr'><strong>epist.</strong></span> <span class='ocrx_word' id='word_1_195' title='bbox 1304 1901 1344 1943; x_wconf 91' lang='lat' dir='ltr'><strong>ll.</strong></span> <span class='ocrx_word' id='word_1_196' title='bbox 1364 1904 1396 1944; x_wconf 86' lang='lat'><strong>1.</strong></span> <span class='ocrx_word' id='word_1_197' title='bbox 1412 1903 1491 1946; x_wconf 83' lang='grc'><strong>228</strong></span> 
     </span>
    </p>

    <p class='ocr_par' dir='ltr' id='par_1_6' title="bbox 201 1976 1090 2032">
     <span class='ocr_line' id='line_1_26' title="bbox 201 1976 1090 2032; baseline 0 -16"><span class='ocrx_word' id='word_1_198' title='bbox 201 1977 357 2018; x_wconf 80' lang='lat' dir='ltr'><strong>alternis</strong></span> <span class='ocrx_word' id='word_1_199' title='bbox 384 1984 517 2032; x_wconf 91' lang='lat' dir='ltr'><strong>aptum</strong></span> <span class='ocrx_word' id='word_1_200' title='bbox 545 1978 789 2018; x_wconf 84' lang='lat' dir='ltr'><strong>sermonibus</strong></span> <span class='ocrx_word' id='word_1_201' title='bbox 818 1982 857 2016; x_wconf 88' lang='lat' dir='ltr'><strong>et</strong></span> <span class='ocrx_word' id='word_1_202' title='bbox 884 1976 1090 2031; x_wconf 88' lang='lat' dir='ltr'><strong>populares</strong></span> 
     </span>
    </p>

    <p class='ocr_par' dir='ltr' id='par_1_7' title="bbox 121 2045 1491 2545">
     <span class='ocr_line' id='line_1_27' title="bbox 202 2045 1415 2106; baseline -0.002 -16"><span class='ocrx_word' id='word_1_203' title='bbox 202 2049 421 2091; x_wconf 87' lang='lat' dir='ltr'><strong>vincentem</strong></span> <span class='ocrx_word' id='word_1_204' title='bbox 450 2050 632 2106; x_wconf 87' lang='lat' dir='ltr'><strong>strepitus</strong></span> <span class='ocrx_word' id='word_1_205' title='bbox 661 2055 700 2091; x_wconf 88' lang='lat' dir='ltr'><strong>et</strong></span> <span class='ocrx_word' id='word_1_206' title='bbox 725 2054 859 2090; x_wconf 87' lang='lat' dir='ltr'><strong>natum</strong></span> <span class='ocrx_word' id='word_1_207' title='bbox 885 2048 1003 2089; x_wconf 89' lang='lat' dir='ltr'><strong>rebus</strong></span> <span class='ocrx_word' id='word_1_208' title='bbox 1030 2045 1200 2105; x_wconf 86' lang='lat' dir='ltr'><strong>agendis.</strong></span> <span class='ocrx_word' id='word_1_209' title='bbox 1230 2061 1265 2089; x_wconf 89' lang='lat' dir='ltr'><strong>a.</strong></span> <span class='ocrx_word' id='word_1_210' title='bbox 1287 2062 1325 2104; x_wconf 87' lang='lat' dir='ltr'><strong>p.</strong></span> <span class='ocrx_word' id='word_1_211' title='bbox 1345 2048 1415 2089; x_wconf 88' lang='lat'><strong>81.</strong></span> 
     </span>
     <span class='ocr_line' id='line_1_28' title="bbox 134 2122 1491 2176; baseline -0.002 -14"><span class='ocrx_word' id='word_1_212' title='bbox 134 2137 221 2162; x_wconf 86' lang='lat' dir='ltr'><strong>raro</strong></span> <span class='ocrx_word' id='word_1_213' title='bbox 250 2128 399 2162; x_wconf 86' lang='lat' dir='ltr'><strong>tantum</strong></span> <span class='ocrx_word' id='word_1_214' title='bbox 429 2123 515 2162; x_wconf 88' lang='lat' dir='ltr'><strong>hina</strong></span> <span class='ocrx_word' id='word_1_215' title='bbox 543 2123 711 2176; x_wconf 84' lang='lat' dir='ltr'><strong>bipartiti</strong></span> <span class='ocrx_word' id='word_1_216' title='bbox 741 2123 923 2161; x_wconf 88' lang='lat' dir='ltr'><strong>enuntiati</strong></span> <span class='ocrx_word' id='word_1_217' title='bbox 942 2122 1126 2169; x_wconf 85' lang='lat' dir='ltr'><strong>membr-a,</strong></span> <span class='ocrx_word' id='word_1_218' title='bbox 1155 2134 1321 2174; x_wconf 92' lang='lat' dir='ltr'><strong>quorum</strong></span> <span class='ocrx_word' id='word_1_219' title='bbox 1340 2127 1491 2167; x_wconf 78' lang='lat' dir='ltr'><strong>utrum·</strong></span> 
     </span>
     <span class='ocr_line' id='line_1_29' title="bbox 121 2187 1486 2251; baseline -0.003 -15"><span class='ocrx_word' id='word_1_220' title='bbox 121 2209 209 2250; x_wconf 72' lang='lat' dir='ltr'><strong>vque</strong></span> <span class='ocrx_word' id='word_1_221' title='bbox 238 2209 351 2236; x_wconf 91' lang='lat' dir='ltr'><strong>suum</strong></span> <span class='ocrx_word' id='word_1_222' title='bbox 379 2209 426 2236; x_wconf 87' lang='lat' dir='ltr'><strong>ac</strong></span> <span class='ocrx_word' id='word_1_223' title='bbox 461 2187 661 2251; x_wconf 87' lang='lat' dir='ltr'><strong>proprium</strong></span> <span class='ocrx_word' id='word_1_224' title='bbox 694 2192 857 2235; x_wconf 91' lang='lat' dir='ltr'><strong>verbum</strong></span> <span class='ocrx_word' id='word_1_225' title='bbox 891 2192 1024 2243; x_wconf 84' lang='lat' dir='ltr'><strong>habet,</strong></span> <span class='ocrx_word' id='word_1_226' title='bbox 1062 2198 1128 2233; x_wconf 86' lang='lat' dir='ltr'><strong>aut</strong></span> <span class='ocrx_word' id='word_1_227' title='bbox 1162 2193 1289 2248; x_wconf 86' lang='lat' dir='ltr'><strong>ipsum</strong></span> <span class='ocrx_word' id='word_1_228' title='bbox 1324 2192 1486 2233; x_wconf 89' lang='lat' dir='ltr'><strong>verbum</strong></span> 
     </span>
     <span class='ocr_line' id='line_1_30' title="bbox 136 2259 1485 2323; baseline -0.001 -16"><span class='ocrx_word' id='word_1_229' title='bbox 136 2274 206 2315; x_wconf 88' lang='lat' dir='ltr'><strong>est,</strong></span> <span class='ocrx_word' id='word_1_230' title='bbox 234 2284 255 2308; x_wconf 89' lang='lat' dir='ltr'><strong>a</strong></span> <span class='ocrx_word' id='word_1_231' title='bbox 284 2269 471 2323; x_wconf 78' lang='lat' dir='ltr'><strong>particula</strong></span> <span class='ocrx_word' id='word_1_232' title='bbox 500 2274 544 2308; x_wconf 91' lang='lat' dir='ltr'><strong>et</strong></span> <span class='ocrx_word' id='word_1_233' title='bbox 569 2268 735 2309; x_wconf 87' lang='lat' dir='ltr'><strong>inchoat.</strong></span> <span class='ocrx_word' id='word_1_234' title='bbox 778 2259 832 2308; x_wconf 76' lang='lat' dir='ltr'><strong>&#39;In</strong></span> <span class='ocrx_word' id='word_1_235' title='bbox 861 2267 1044 2323; x_wconf 87' lang='lat' dir='ltr'><strong>epistolis,</strong></span> <span class='ocrx_word' id='word_1_236' title='bbox 1071 2267 1142 2306; x_wconf 90' lang='lat' dir='ltr'><strong>nisi</strong></span> <span class='ocrx_word' id='word_1_237' title='bbox 1171 2263 1261 2321; x_wconf 83' lang='lat' dir='ltr'><strong>quid</strong></span> <span class='ocrx_word' id='word_1_238' title='bbox 1289 2260 1351 2306; x_wconf 88' lang='lat' dir='ltr'><strong>me</strong></span> <span class='ocrx_word' id='word_1_239' title='bbox 1379 2267 1485 2321; x_wconf 86' lang='lat' dir='ltr'><strong>fugit,</strong></span> 
     </span>
     <span class='ocr_line' id='line_1_31' title="bbox 134 2335 1487 2397; baseline -0.001 -16"><span class='ocrx_word' id='word_1_240' title='bbox 134 2340 258 2381; x_wconf 89' lang='lat' dir='ltr'><strong>semel</strong></span> <span class='ocrx_word' id='word_1_241' title='bbox 292 2343 329 2383; x_wconf 84' lang='lat' dir='ltr'><strong>id</strong></span> <span class='ocrx_word' id='word_1_242' title='bbox 363 2343 454 2383; x_wconf 89' lang='lat' dir='ltr'><strong>fecit</strong></span> <span class='ocrx_word' id='word_1_243' title='bbox 480 2341 505 2382; x_wconf 89' lang='lat' dir='ltr'><strong>l.</strong></span> <span class='ocrx_word' id='word_1_244' title='bbox 538 2342 596 2382; x_wconf 85' lang='lat'><strong>18.</strong></span> <span class='ocrx_word' id='word_1_245' title='bbox 622 2342 674 2380; x_wconf 87' lang='lat'><strong>22</strong></span> <span class='ocrx_word' id='word_1_246' title='bbox 709 2340 847 2397; x_wconf 45' lang='lat' dir='ltr'><strong>‘gloria</strong></span> <span class='ocrx_word' id='word_1_247' title='bbox 881 2354 997 2392; x_wconf 87' lang='lat' dir='ltr'><strong>quem</strong></span> <span class='ocrx_word' id='word_1_248' title='bbox 1031 2335 1148 2394; x_wconf 83' lang='lat' dir='ltr'><strong>supra</strong></span> <span class='ocrx_word' id='word_1_249' title='bbox 1178 2339 1278 2379; x_wconf 86' lang='lat' dir='ltr'><strong>vires</strong></span> <span class='ocrx_word' id='word_1_250' title='bbox 1307 2344 1345 2379; x_wconf 87' lang='lat' dir='ltr'><strong>et</strong></span> <span class='ocrx_word' id='word_1_251' title='bbox 1373 2339 1487 2379; x_wconf 88' lang='lat' dir='ltr'><strong>vestit</strong></span> 
     </span>
     <span class='ocr_line' id='line_1_32' title="bbox 133 2406 1489 2470; baseline -0.004 -14"><span class='ocrx_word' id='word_1_252' title='bbox 133 2422 172 2456; x_wconf 87' lang='lat' dir='ltr'><strong>et</strong></span> <span class='ocrx_word' id='word_1_253' title='bbox 201 2416 339 2470; x_wconf 85' lang='lat' dir='ltr'><strong>ungit&#39;,</strong></span> <span class='ocrx_word' id='word_1_254' title='bbox 376 2415 570 2469; x_wconf 86' lang='lat' dir='ltr'><strong>aliquanto</strong></span> <span class='ocrx_word' id='word_1_255' title='bbox 608 2415 763 2468; x_wconf 86' lang='lat' dir='ltr'><strong>saepius</strong></span> <span class='ocrx_word' id='word_1_256' title='bbox 801 2415 837 2455; x_wconf 90' lang='lat' dir='ltr'><strong>in</strong></span> <span class='ocrx_word' id='word_1_257' title='bbox 866 2418 947 2452; x_wconf 90' lang='lat' dir='ltr'><strong>arte</strong></span> <span class='ocrx_word' id='word_1_258' title='bbox 974 2414 1144 2466; x_wconf 71' lang='lat' dir='ltr'><strong>poetica,</strong></span> <span class='ocrx_word' id='word_1_259' title='bbox 1181 2413 1232 2451; x_wconf 87' lang='lat' dir='ltr'><strong>ita</strong></span> <span class='ocrx_word' id='word_1_260' title='bbox 1267 2407 1413 2459; x_wconf 82' lang='lat' dir='ltr'><strong>tamen,</strong></span> <span class='ocrx_word' id='word_1_261' title='bbox 1442 2406 1489 2451; x_wconf 73' lang='lat' dir='ltr'><strong>ut</strong></span> 
     </span>
     <span class='ocr_line' id='line_1_33' title="bbox 132 2480 1487 2545; baseline -0.004 -17"><span class='ocrx_word' id='word_1_262' title='bbox 132 2488 363 2545; x_wconf 87' lang='lat' dir='ltr'><strong>plerumque</strong></span> <span class='ocrx_word' id='word_1_263' title='bbox 398 2486 498 2527; x_wconf 87' lang='lat' dir='ltr'><strong>duae</strong></span> <span class='ocrx_word' id='word_1_264' title='bbox 530 2500 592 2529; x_wconf 88' lang='lat' dir='ltr'><strong>res</strong></span> <span class='ocrx_word' id='word_1_265' title='bbox 621 2490 687 2526; x_wconf 86' lang='lat' dir='ltr'><strong>aut</strong></span> <span class='ocrx_word' id='word_1_266' title='bbox 714 2485 937 2530; x_wconf 71' lang='lat' dir='ltr'><strong>admodum,</strong></span> <span class='ocrx_word' id='word_1_267' title='bbox 953 2484 1129 2527; x_wconf 80' lang='lat' dir='ltr'><strong>diversae</strong></span> <span class='ocrx_word' id='word_1_268' title='bbox 1149 2487 1224 2523; x_wconf 65' lang='lat' dir='ltr'><strong>aut</strong></span> <span class='ocrx_word' id='word_1_269' title='bbox 1251 2481 1364 2537; x_wconf 86' lang='lat' dir='ltr'><strong>plane</strong></span> <span class='ocrx_word' id='word_1_270' title='bbox 1391 2480 1487 2523; x_wconf 61' lang='lat' dir='ltr'><strong>con-4</strong></span> 
     </span>
    </p>
   </div>
  </div>
 </body>
</html>
