1669 2839
788 107 880 162 2102

157 220 328 265 naturali
362 218 553 265 vocabulo
575 220 764 267 insania
803 219 1008 269 dicendum
1034 223 1153 276 esset,
1194 216 1258 278 vel
1295 218 1383 279 ideo
1417 217 1510 274 mihi

163 307 392 351 persuasum
412 297 481 339 est,
509 291 612 346 quod
626 293 744 346 ipsius
769 292 963 341 formulae
983 307 1054 347 ‘ex
1080 277 1221 335 more'
1235 284 1307 333 ‘vis
1327 305 1386 345 eo,
1405 290 1509 348 quod

163 366 358 414 inversus
370 365 501 420 ‚capite
528 363 717 410 collocata
738 370 806 412 est,
833 366 886 405 ita
905 370 1078 420 augetur,
1104 368 1147 403 ut
1165 364 1201 404 ei
1216 364 1254 403 in
1274 362 1510 421 subsequen-

166 436 266 478 tibus
286 436 428 492 aliquid
449 452 469 477 e
485 438 677 479 contrario
700 437 916 491 oppositum
937 438 1051 482 fuisse
1073 436 1264 483 coniicias.
1304 435 1370 481 Sic
1395 435 1509 493 igitur

166 514 291 551 totum
317 508 447 552 locum
477 509 758 551 emendandum
786 522 945 558 censeo:

721 595 769 620 an
797 587 1013 628 commotae
1041 582 1198 621 crimine
1224 581 1361 623 mentis

321 652 500 695 absolves
524 652 720 694 hominem
747 659 785 696 et
812 652 968 701 sceleris
992 651 1188 712 damnabis
1216 652 1391 709 eundem,

323 741 372 767 ex
399 741 507 767 more
534 728 736 781 imponens
763 740 852 766 non
877 732 987 773 nata
1013 726 1203 768 vocabula
1229 725 1355 767 rebus.

165 798 223 840 Ea
251 801 353 841 enim
379 798 587 847 vocabula,
629 813 729 854 quae
756 813 883 840 rerum
910 800 1062 855 penitus
1088 804 1375 856 perspectarum
1401 803 1512 849 natu-

163 871 256 919 ralia
269 871 507 921 videbantur,
523 886 544 912 a
560 876 675 927 poeta
694 876 811 920 recte,
832 872 976 926 opinor,
995 877 1102 913 nata
1120 871 1302 931 appellari
1315 876 1509 926 poterant:

164 944 337 985 similiter
365 946 467 986 enim
487 944 533 985 ab
554 944 707 1000 optimis
734 942 982 998 scriptoribus
1000 945 1043 993 is,
1072 958 1188 1000 quem
1214 949 1353 990 natura
1376 948 1510 999 aptum

163 1016 273 1064 finxit
299 1018 348 1058 ad
374 1018 529 1078 aliquid,
571 1018 605 1057 ei
633 1018 688 1056 rei
714 1022 859 1056 natus
887 1031 973 1056 esse
1001 1018 1147 1067 dicitur.
1194 1014 1425 1072 Corruptela
1452 1016 1510 1059 vi-

165 1089 275 1129 detur
295 1104 317 1129 a
335 1089 456 1129 sciolo
473 1089 600 1150 aliquo
620 1087 723 1127 illata
742 1102 838 1137 esse,
866 1090 930 1142 qui
948 1102 1025 1129 non
1048 1078 1287 1144 intelligeret,
1314 1088 1508 1148 quomodo

164 1163 250 1217 quis
277 1161 478 1202 vocabulis
505 1162 560 1202 uti
588 1166 736 1217 posset,
764 1174 865 1219 quae
891 1167 980 1202 nata
1009 1163 1161 1208 omnino
1189 1175 1266 1208 non
1293 1165 1430 1209 essent.

267 1235 416 1276 Addam
445 1234 586 1293 aliquid
607 1235 655 1274 de
674 1233 747 1274 alio
769 1233 940 1274 eiusdem
968 1235 1104 1275 satirae
1131 1235 1231 1284 loc0‚
1257 1235 1382 1278 minus
1401 1234 1509 1293 gravi

161 1307 239 1358 illo,
267 1314 306 1349 at
332 1310 417 1369 ipso
442 1310 561 1348 etiam
588 1307 811 1348 Stoicorum
849 1309 1066 1364 praeceptis
1098 1307 1272 1353 adhibitis
1299 1306 1362 1348 vel
1388 1306 1508 1364 expli·
1547 1316 1553 1320 ”

164 1381 287 1422 cando
315 1381 379 1421 vel
407 1381 658 1428 emendando,
685 1395 721 1419 v.
750 1380 802 1419 84
829 1394 929 1435 sqq.:

347 1453 510 1492 heredes
539 1453 691 1492 Staberi
718 1466 908 1491 summam
935 1454 1101 1493 incidere
1133 1453 1323 1508 sepulcro,

266 1526 317 1564 85
344 1526 382 1566 ni
410 1525 464 1564 sic
491 1525 682 1572 fecissent,
710 1524 966 1579 gladiatorum
994 1524 1083 1564 dare
1110 1530 1264 1565 centum

346 1598 514 1637 damnati
539 1597 683 1653 populo
712 1599 818 1651 paria
846 1602 961 1651 atque
990 1596 1150 1651 epulum*
1175 1595 1327 1642 arbitrio
1356 1599 1441 1638 Arri

345 1670 524 1709 frumenti
552 1674 739 1724 quantum
768 1670 876 1709 metit
903 1670 1041 1709 Africa.
1070 1670 1152 1709 sive
1180 1683 1252 1725 ego
1280 1684 1398 1725 prave

345 1756 415 1781 seu
441 1751 549 1781 recte
577 1742 650 1783 hoc
678 1743 794 1790 volui,
821 1757 870 1782 ne
898 1743 949 1783 sis
976 1749 1135 1797 patruus
1162 1742 1262 1783 mihi.
1292 1743 1407 1783 credo

344 1813 420 1853 hoc
446 1813 599 1853 Staberi
625 1815 853 1869 prudentem
881 1815 1049 1855 animum
1076 1814 1225 1856 vidisse.
1254 1816 1344 1870 quid
1372 1830 1463 1872 ergo

263 1888 315 1926 90
341 1887 469 1935 sensit,
497 1900 615 1941 quum
643 1900 834 1927 summam
861 1888 1065 1941 patrimoni
1092 1887 1307 1943 insculpere
1335 1902 1428 1930 saxo

344 1959 507 1999 heredes
535 1958 685 1999 voluit?

160 2032 293 2073 Unum
320 2033 357 2071 in
384 2032 443 2071 his
470 2033 682 2072 rectissime
710 2032 756 2071 ab
784 2032 1052 2087 interpretibus
1078 2033 1315 2074 intellectum
1343 2040 1412 2083 est,
1438 2033 1503 2075 illa

161 2109 213 2158 (v.
240 2097 306 2157 87)
335 2106 432 2158 ‘sive
474 2119 546 2161 ego
586 2104 724 2160 prave'
752 2118 875 2159 usque
916 2104 965 2144 ad
992 2110 1167 2159 ‘patruus
1206 2106 1314 2146 mihi'
1342 2106 1389 2145 ab
1416 2107 1500 2161 ipso

159 2178 338 2219 Staberio
360 2177 459 2218 dicta
486 2177 593 2233 fingi,
622 2179 687 2233 qui
705 2191 819 2216 suum
835 2178 954 2233 ipsius
973 2177 1169 2218 arbitrium
1183 2179 1302 2234 sequi,
1323 2193 1455 2233 ‘neque
1478 2192 1500 2218 a

161 2266 355 2307 quoquam
383 2265 475 2297 suos
502 2251 666 2290 circulos
694 2250 836 2299 turbari
863 2251 1043 2292 voluerit:
1078 2253 1193 2307 idque
1221 2257 1501 2296 monstraverat

161 2324 289 2364 Acron
309 2329 347 2364 et
363 2313 609 2380 Cruquianus
628 2329 917 2372 commentator,
937 2338 1099 2380 quorum
1118 2331 1279 2381 uterque
1298 2324 1361 2367 illa
1380 2324 1499 2370 verba

160 2396 325 2438 Staberii
351 2395 651 2451 ἀνθυποφοράν
678 2398 777 2438 dicit.
823 2396 886 2437 De
913 2398 1049 2447 cete-ris
1077 2398 1317 2439 dissentiunt:
1358 2411 1404 2439 ac
1431 2413 1498 2438 ve—

159 2476 263 2510 teres
299 2470 414 2509 etiam
441 2470 676 2518 dissensisse,
705 2472 832 2510 Acron
861 2470 984 2521 docet,
1013 2470 1078 2525 qui
1105 2470 1153 2510 ad
1181 2484 1216 2509 v.
1232 2470 1282 2509 89
1307 2469 1403 2513 haec
1430 2473 1497 2511 ad-

159 2543 326 2589 notavit:
354 2543 466 2598 ‘quid
494 2557 585 2598 ergo
613 2543 747 2596 sensit]
776 2548 841 2590 aut
866 2543 1111 2599 interrogatio
1137 2543 1340 2594 audientis,
1360 2549 1427 2585 aut
1439 2544 1497 2586 in-
