<?xml version="1.0" encoding="UTF-8"?>
<!DOCTYPE html PUBLIC "-//W3C//DTD XHTML 1.0 Transitional//EN"
    "http://www.w3.org/TR/xhtml1/DTD/xhtml1-transitional.dtd">
<html xmlns="http://www.w3.org/1999/xhtml" xml:lang="en" lang="en">
 <head>
  <title>
</title>
<meta http-equiv="Content-Type" content="text/html;charset=utf-8" />
  <meta name='ocr-system' content='tesseract 3.04.00' />
  <meta name='ocr-capabilities' content='ocr_page ocr_carea ocr_par ocr_line ocrx_word'/>
</head>
<body>
  <div class='ocr_page' id='page_1' title='image "./4738087_0028.png"; bbox 0 0 1669 2839; ppageno 0'>
   <div class='ocr_carea' id='block_1_1' title="bbox 675 75 812 133">
    <p class='ocr_par' dir='ltr' id='par_1_1' title="bbox 675 75 812 133">
     <span class='ocr_line' id='line_1_1' title="bbox 675 75 812 133; baseline -0.007 -14"><span class='ocrx_word' id='word_1_1' title='bbox 675 75 812 133; x_wconf 48' lang='grc' dir='ltr'><strong>,ιτ</strong></span> 
     </span>
    </p>
   </div>
   <div class='ocr_carea' id='block_1_2' title="bbox 93 183 1455 2452">
    <p class='ocr_par' dir='ltr' id='par_1_2' title="bbox 105 183 1455 528">
     <span class='ocr_line' id='line_1_2' title="bbox 110 183 1454 242; baseline 0.002 -16"><span class='ocrx_word' id='word_1_2' title='bbox 110 183 418 242; x_wconf 73' lang='lat' dir='ltr'><strong>improbabimus.</strong></span> <span class='ocrx_word' id='word_1_3' title='bbox 450 192 460 201; x_wconf 82' lang='grc'><em>·</em></span> <span class='ocrx_word' id='word_1_4' title='bbox 492 184 579 236; x_wconf 87' lang='lat' dir='ltr'><strong>Qua</strong></span> <span class='ocrx_word' id='word_1_5' title='bbox 623 186 889 227; x_wconf 79' lang='lat' dir='ltr'><strong>emendatione</strong></span> <span class='ocrx_word' id='word_1_6' title='bbox 933 190 1185 241; x_wconf 77' lang='lat' dir='ltr'><strong>posteaquam</strong></span> <span class='ocrx_word' id='word_1_7' title='bbox 1224 186 1454 239; x_wconf 51' lang='lat' dir='ltr'><strong>Mavuium</strong></span> 
     </span>
     <span class='ocr_line' id='line_1_3' title="bbox 109 255 1455 312; baseline 0 -12"><span class='ocrx_word' id='word_1_8' title='bbox 109 261 182 300; x_wconf 87' lang='lat' dir='ltr'><strong>una</strong></span> <span class='ocrx_word' id='word_1_9' title='bbox 210 270 299 297; x_wconf 88' lang='lat' dir='ltr'><strong>cum</strong></span> <span class='ocrx_word' id='word_1_10' title='bbox 325 255 435 312; x_wconf 77' lang='lat' dir='ltr'><strong>patre</strong></span> <span class='ocrx_word' id='word_1_11' title='bbox 462 270 508 297; x_wconf 87' lang='lat' dir='ltr'><strong>ac</strong></span> <span class='ocrx_word' id='word_1_12' title='bbox 534 261 657 297; x_wconf 85' lang='lat' dir='ltr'><strong>matre</strong></span> <span class='ocrx_word' id='word_1_13' title='bbox 684 257 912 312; x_wconf 84' lang='lat' dir='ltr'><strong>expulimus,</strong></span> <span class='ocrx_word' id='word_1_14' title='bbox 945 257 1038 299; x_wconf 87' lang='lat' dir='ltr'><strong>nihil</strong></span> <span class='ocrx_word' id='word_1_15' title='bbox 1072 263 1148 312; x_wconf 84' lang='lat' dir='ltr'><strong>est,</strong></span> <span class='ocrx_word' id='word_1_16' title='bbox 1185 272 1261 312; x_wconf 90' lang='lat' dir='ltr'><strong>quo</strong></span> <span class='ocrx_word' id='word_1_17' title='bbox 1286 259 1455 300; x_wconf 55' lang='lat' dir='ltr'><strong>&gt;demon-</strong></span> 
     </span>
     <span class='ocr_line' id='line_1_4' title="bbox 106 327 1454 383; baseline 0.001 -14"><span class='ocrx_word' id='word_1_18' title='bbox 106 330 214 370; x_wconf 83' lang='lat' dir='ltr'><strong>strari</strong></span> <span class='ocrx_word' id='word_1_19' title='bbox 243 329 376 383; x_wconf 81' lang='lat' dir='ltr'><strong>possit,</strong></span> <span class='ocrx_word' id='word_1_20' title='bbox 417 327 736 382; x_wconf 76' lang='lat' dir='ltr'><strong>subscriptionem</strong></span> <span class='ocrx_word' id='word_1_21' title='bbox 776 329 879 369; x_wconf 89' lang='lat' dir='ltr'><strong>illam</strong></span> <span class='ocrx_word' id='word_1_22' title='bbox 914 343 992 370; x_wconf 90' lang='lat' dir='ltr'><strong>non</strong></span> <span class='ocrx_word' id='word_1_23' title='bbox 1026 344 1113 370; x_wconf 89' lang='lat' dir='ltr'><strong>esse</strong></span> <span class='ocrx_word' id='word_1_24' title='bbox 1140 329 1233 369; x_wconf 79' lang='lat' dir='ltr'><strong>finiti</strong></span> <span class='ocrx_word' id='word_1_25' title='bbox 1262 334 1301 369; x_wconf 85' lang='lat' dir='ltr'><strong>et</strong></span> <span class='ocrx_word' id='word_1_26' title='bbox 1320 332 1454 371; x_wconf 81' lang='lat' dir='ltr'><strong>exacti</strong></span> 
     </span>
     <span class='ocr_line' id='line_1_5' title="bbox 106 399 1452 464; baseline -0.001 -22"><span class='ocrx_word' id='word_1_27' title='bbox 106 400 246 442; x_wconf 88' lang='lat' dir='ltr'><strong>laboris</strong></span> <span class='ocrx_word' id='word_1_28' title='bbox 280 399 550 464; x_wconf 36' lang='lat' dir='ltr'><strong>qualecunque</strong></span> <span class='ocrx_word' id='word_1_29' title='bbox 587 405 895 449; x_wconf 86' lang='lat' dir='ltr'><strong>monumentum,</strong></span> <span class='ocrx_word' id='word_1_30' title='bbox 936 405 1144 456; x_wconf 85' lang='lat' dir='ltr'><strong>nostraque</strong></span> <span class='ocrx_word' id='word_1_31' title='bbox 1184 401 1373 441; x_wconf 87' lang='lat' dir='ltr'><strong>sententia</strong></span> <span class='ocrx_word' id='word_1_32' title='bbox 1403 400 1452 441; x_wconf 87' lang='lat' dir='ltr'><strong>ab</strong></span> 
     </span>
     <span class='ocr_line' id='line_1_6' title="bbox 105 471 1018 528; baseline -0.004 -14"><span class='ocrx_word' id='word_1_33' title='bbox 105 474 178 514; x_wconf 88' lang='lat' dir='ltr'><strong>hac</strong></span> <span class='ocrx_word' id='word_1_34' title='bbox 205 473 361 528; x_wconf 88' lang='lat' dir='ltr'><strong>quidem</strong></span> <span class='ocrx_word' id='word_1_35' title='bbox 390 476 499 525; x_wconf 85' lang='lat' dir='ltr'><strong>parte</strong></span> <span class='ocrx_word' id='word_1_36' title='bbox 527 472 618 511; x_wconf 90' lang='lat' dir='ltr'><strong>satis</strong></span> <span class='ocrx_word' id='word_1_37' title='bbox 634 473 789 512; x_wconf 14' lang='lat' dir='ltr'><strong>&#39;munita</strong></span> <span class='ocrx_word' id='word_1_38' title='bbox 816 471 1018 512; x_wconf 87' lang='lat' dir='ltr'><strong>videbitur.</strong></span> 
     </span>
    </p>

    <p class='ocr_par' dir='ltr' id='par_1_3' title="bbox 93 541 1453 2452">
     <span class='ocr_line' id='line_1_7' title="bbox 207 541 1453 598; baseline 0.002 -15"><span class='ocrx_word' id='word_1_39' title='bbox 207 543 397 598; x_wconf 81' lang='lat' dir='ltr'><strong>Superest</strong></span> <span class='ocrx_word' id='word_1_40' title='bbox 422 546 466 582; x_wconf 92' lang='lat' dir='ltr'><strong>ut</strong></span> <span class='ocrx_word' id='word_1_41' title='bbox 490 556 732 597; x_wconf 82' lang='lat' dir='ltr'><strong>quaeramus,</strong></span> <span class='ocrx_word' id='word_1_42' title='bbox 772 555 849 596; x_wconf 86' lang='lat' dir='ltr'><strong>qua</strong></span> <span class='ocrx_word' id='word_1_43' title='bbox 876 546 942 581; x_wconf 90' lang='lat' dir='ltr'><strong>aut</strong></span> <span class='ocrx_word' id='word_1_44' title='bbox 968 541 1168 596; x_wconf 89' lang='lat' dir='ltr'><strong>prudentia</strong></span> <span class='ocrx_word' id='word_1_45' title='bbox 1195 548 1261 582; x_wconf 84' lang='lat' dir='ltr'><strong>aut</strong></span> <span class='ocrx_word' id='word_1_46' title='bbox 1297 546 1453 586; x_wconf 89' lang='lat' dir='ltr'><strong>temeri-</strong></span> 
     </span>
     <span class='ocr_line' id='line_1_8' title="bbox 104 612 1447 670; baseline 0.001 -15"><span class='ocrx_word' id='word_1_47' title='bbox 104 621 182 656; x_wconf 86' lang='lat' dir='ltr'><strong>tate</strong></span> <span class='ocrx_word' id='word_1_48' title='bbox 209 614 421 654; x_wconf 87' lang='lat' dir='ltr'><strong>Mavortius</strong></span> <span class='ocrx_word' id='word_1_49' title='bbox 448 615 620 654; x_wconf 83' lang='lat' dir='ltr'><strong>criticam</strong></span> <span class='ocrx_word' id='word_1_50' title='bbox 647 618 770 653; x_wconf 91' lang='lat' dir='ltr'><strong>artem</strong></span> <span class='ocrx_word' id='word_1_51' title='bbox 797 613 895 652; x_wconf 89' lang='lat' dir='ltr'><strong>intra</strong></span> <span class='ocrx_word' id='word_1_52' title='bbox 921 612 1017 653; x_wconf 78' lang='lat' dir='ltr'><strong>fines</strong></span> <span class='ocrx_word' id='word_1_53' title='bbox 1044 626 1066 652; x_wconf 92' lang='lat' dir='ltr'><strong>a</strong></span> <span class='ocrx_word' id='word_1_54' title='bbox 1094 612 1208 652; x_wconf 89' lang='lat' dir='ltr'><strong>nobis</strong></span> <span class='ocrx_word' id='word_1_55' title='bbox 1232 614 1447 670; x_wconf 89' lang='lat' dir='ltr'><strong>descriptos</strong></span> 
     </span>
     <span class='ocr_line' id='line_1_9' title="bbox 103 682 1447 741; baseline 0 -13"><span class='ocrx_word' id='word_1_56' title='bbox 103 685 344 728; x_wconf 80' lang='lat' dir='ltr'><strong>factitaverit.</strong></span> <span class='ocrx_word' id='word_1_57' title='bbox 398 685 525 736; x_wconf 87' lang='lat' dir='ltr'><strong>Quam</strong></span> <span class='ocrx_word' id='word_1_58' title='bbox 552 684 819 740; x_wconf 87' lang='lat' dir='ltr'><strong>quaestionem</strong></span> <span class='ocrx_word' id='word_1_59' title='bbox 847 683 912 738; x_wconf 92' lang='lat' dir='ltr'><strong>qui</strong></span> <span class='ocrx_word' id='word_1_60' title='bbox 939 683 991 722; x_wconf 80' lang='lat' dir='ltr'><strong>ita</strong></span> <span class='ocrx_word' id='word_1_61' title='bbox 1019 682 1192 731; x_wconf 91' lang='lat' dir='ltr'><strong>solvunt,</strong></span> <span class='ocrx_word' id='word_1_62' title='bbox 1219 690 1262 724; x_wconf 89' lang='lat' dir='ltr'><strong>ut</strong></span> <span class='ocrx_word' id='word_1_63' title='bbox 1288 699 1338 726; x_wconf 87' lang='lat' dir='ltr'><strong>ex</strong></span> <span class='ocrx_word' id='word_1_64' title='bbox 1364 687 1447 741; x_wconf 85' lang='lat' dir='ltr'><strong>ipsa</strong></span> 
     </span>
     <span class='ocr_line' id='line_1_10' title="bbox 102 754 1449 812; baseline 0.001 -14"><span class='ocrx_word' id='word_1_65' title='bbox 102 759 175 799; x_wconf 87' lang='lat' dir='ltr'><strong>hac</strong></span> <span class='ocrx_word' id='word_1_66' title='bbox 201 756 364 797; x_wconf 87' lang='lat' dir='ltr'><strong>formula</strong></span> <span class='ocrx_word' id='word_1_67' title='bbox 392 757 484 812; x_wconf 52' lang='lat' dir='ltr'><strong>‘legi</strong></span> <span class='ocrx_word' id='word_1_68' title='bbox 513 762 552 797; x_wconf 92' lang='lat' dir='ltr'><strong>et</strong></span> <span class='ocrx_word' id='word_1_69' title='bbox 569 761 612 796; x_wconf 92' lang='lat' dir='ltr'><strong>ut</strong></span> <span class='ocrx_word' id='word_1_70' title='bbox 639 756 749 810; x_wconf 83' lang='lat' dir='ltr'><strong>potui</strong></span> <span class='ocrx_word' id='word_1_71' title='bbox 773 754 974 795; x_wconf 88' lang='lat' dir='ltr'><strong>emendavi</strong></span> <span class='ocrx_word' id='word_1_72' title='bbox 1001 756 1223 795; x_wconf 86' lang='lat' dir='ltr'><strong>conferente</strong></span> <span class='ocrx_word' id='word_1_73' title='bbox 1248 756 1340 797; x_wconf 85' lang='lat' dir='ltr'><strong>mihi</strong></span> <span class='ocrx_word' id='word_1_74' title='bbox 1366 772 1449 799; x_wconf 85' lang='lat' dir='ltr'><strong>ma-</strong></span> 
     </span>
     <span class='ocr_line' id='line_1_11' title="bbox 100 825 1446 884; baseline -0.001 -14"><span class='ocrx_word' id='word_1_75' title='bbox 100 831 221 884; x_wconf 85' lang='lat' dir='ltr'><strong>gistro</strong></span> <span class='ocrx_word' id='word_1_76' title='bbox 242 828 369 870; x_wconf 82' lang='lat' dir='ltr'><strong>Felice</strong></span> <span class='ocrx_word' id='word_1_77' title='bbox 388 833 547 869; x_wconf 70' lang='lat' dir='ltr'><strong>oratore·</strong></span> <span class='ocrx_word' id='word_1_78' title='bbox 567 826 672 866; x_wconf 88' lang='lat' dir='ltr'><strong>urbis</strong></span> <span class='ocrx_word' id='word_1_79' title='bbox 692 825 855 866; x_wconf 87' lang='lat' dir='ltr'><strong>Romae&#39;</strong></span> <span class='ocrx_word' id='word_1_80' title='bbox 883 826 976 865; x_wconf 77' lang='lat' dir='ltr'><strong>satis</strong></span> <span class='ocrx_word' id='word_1_81' title='bbox 994 825 1230 867; x_wconf 86' lang='lat' dir='ltr'><strong>confidenter</strong></span> <span class='ocrx_word' id='word_1_82' title='bbox 1252 827 1446 884; x_wconf 85' lang='lat' dir='ltr'><strong>colligant,</strong></span> 
     </span>
     <span class='ocr_line' id='line_1_12' title="bbox 101 897 1445 955; baseline 0 -14"><span class='ocrx_word' id='word_1_83' title='bbox 101 901 333 941; x_wconf 83' lang='lat' dir='ltr'><strong>Mavortium</strong></span> <span class='ocrx_word' id='word_1_84' title='bbox 354 899 504 955; x_wconf 85' lang='lat' dir='ltr'><strong>singula</strong></span> <span class='ocrx_word' id='word_1_85' title='bbox 524 899 692 939; x_wconf 88' lang='lat' dir='ltr'><strong>carmina</strong></span> <span class='ocrx_word' id='word_1_86' title='bbox 711 898 906 945; x_wconf 81' lang='lat' dir='ltr'><strong>recitasse,</strong></span> <span class='ocrx_word' id='word_1_87' title='bbox 935 897 1160 951; x_wconf 87' lang='lat' dir='ltr'><strong>magistrum</strong></span> <span class='ocrx_word' id='word_1_88' title='bbox 1179 912 1293 939; x_wconf 90' lang='lat' dir='ltr'><strong>suum</strong></span> <span class='ocrx_word' id='word_1_89' title='bbox 1311 915 1445 941; x_wconf 88' lang='lat' dir='ltr'><strong>exem·</strong></span> 
     </span>
     <span class='ocr_line' id='line_1_13' title="bbox 101 968 1444 1027; baseline 0.001 -15"><span class='ocrx_word' id='word_1_90' title='bbox 101 971 207 1027; x_wconf 91' lang='lat' dir='ltr'><strong>plum</strong></span> <span class='ocrx_word' id='word_1_91' title='bbox 239 973 453 1026; x_wconf 88' lang='lat' dir='ltr'><strong>inspexisse</strong></span> <span class='ocrx_word' id='word_1_92' title='bbox 482 975 521 1010; x_wconf 90' lang='lat' dir='ltr'><strong>et</strong></span> <span class='ocrx_word' id='word_1_93' title='bbox 547 970 757 1009; x_wconf 90' lang='lat' dir='ltr'><strong>lectionum</strong></span> <span class='ocrx_word' id='word_1_94' title='bbox 783 968 1045 1008; x_wconf 83' lang='lat' dir='ltr'><strong>diversitatem</strong></span> <span class='ocrx_word' id='word_1_95' title='bbox 1062 969 1261 1019; x_wconf 87' lang='lat' dir='ltr'><strong>indicasse,</strong></span> <span class='ocrx_word' id='word_1_96' title='bbox 1289 985 1336 1012; x_wconf 87' lang='lat' dir='ltr'><strong>ac</strong></span> <span class='ocrx_word' id='word_1_97' title='bbox 1362 977 1444 1013; x_wconf 90' lang='lat' dir='ltr'><strong>tum</strong></span> 
     </span>
     <span class='ocr_line' id='line_1_14' title="bbox 98 1040 1443 1095; baseline 0.001 -12"><span class='ocrx_word' id='word_1_98' title='bbox 98 1043 234 1083; x_wconf 88' lang='lat' dir='ltr'><strong>ambos</strong></span> <span class='ocrx_word' id='word_1_99' title='bbox 260 1043 465 1083; x_wconf 88' lang='lat' dir='ltr'><strong>lectionem</strong></span> <span class='ocrx_word' id='word_1_100' title='bbox 502 1041 764 1087; x_wconf 87' lang='lat' dir='ltr'><strong>constituisse,</strong></span> <span class='ocrx_word' id='word_1_101' title='bbox 805 1053 903 1094; x_wconf 84' lang='lat' dir='ltr'><strong>quae</strong></span> <span class='ocrx_word' id='word_1_102' title='bbox 930 1040 1024 1095; x_wconf 87' lang='lat' dir='ltr'><strong>ipsis</strong></span> <span class='ocrx_word' id='word_1_103' title='bbox 1050 1054 1143 1081; x_wconf 88' lang='lat' dir='ltr'><strong>vera</strong></span> <span class='ocrx_word' id='word_1_104' title='bbox 1179 1041 1391 1084; x_wconf 84' lang='lat' dir='ltr'><strong>videretur:</strong></span> <span class='ocrx_word' id='word_1_105' title='bbox 1418 1045 1443 1086; x_wconf 88' lang='lat' dir='ltr'><strong>ii</strong></span> 
     </span>
     <span class='ocr_line' id='line_1_15' title="bbox 99 1109 1444 1159; baseline 0.001 -5"><span class='ocrx_word' id='word_1_106' title='bbox 99 1115 261 1154; x_wconf 87' lang='lat' dir='ltr'><strong>fortasse</strong></span> <span class='ocrx_word' id='word_1_107' title='bbox 288 1117 393 1152; x_wconf 88' lang='lat' dir='ltr'><strong>recte</strong></span> <span class='ocrx_word' id='word_1_108' title='bbox 408 1112 634 1159; x_wconf 85' lang='lat' dir='ltr'><strong>iudicarunt,</strong></span> <span class='ocrx_word' id='word_1_109' title='bbox 654 1116 693 1150; x_wconf 89' lang='lat' dir='ltr'><strong>at</strong></span> <span class='ocrx_word' id='word_1_110' title='bbox 711 1109 945 1151; x_wconf 84' lang='lat' dir='ltr'><strong>dubitantius</strong></span> <span class='ocrx_word' id='word_1_111' title='bbox 971 1116 1099 1150; x_wconf 86' lang='lat' dir='ltr'><strong>tamen</strong></span> <span class='ocrx_word' id='word_1_112' title='bbox 1127 1112 1330 1154; x_wconf 90' lang='lat' dir='ltr'><strong>dicendum</strong></span> <span class='ocrx_word' id='word_1_113' title='bbox 1350 1121 1444 1156; x_wconf 88' lang='lat' dir='ltr'><strong>erat.</strong></span> 
     </span>
     <span class='ocr_line' id='line_1_16' title="bbox 98 1181 1442 1245; baseline 0 -17"><span class='ocrx_word' id='word_1_114' title='bbox 98 1186 200 1228; x_wconf 89' lang='lat' dir='ltr'><strong>Nam</strong></span> <span class='ocrx_word' id='word_1_115' title='bbox 213 1186 252 1227; x_wconf 90' lang='lat' dir='ltr'><strong>id</strong></span> <span class='ocrx_word' id='word_1_116' title='bbox 266 1185 422 1240; x_wconf 89' lang='lat' dir='ltr'><strong>quidem</strong></span> <span class='ocrx_word' id='word_1_117' title='bbox 436 1183 549 1224; x_wconf 87' lang='lat' dir='ltr'><strong>nullis</strong></span> <span class='ocrx_word' id='word_1_118' title='bbox 562 1181 747 1223; x_wconf 88' lang='lat' dir='ltr'><strong>machinis</strong></span> <span class='ocrx_word' id='word_1_119' title='bbox 762 1181 959 1231; x_wconf 82' lang='lat' dir='ltr'><strong>efficietur,</strong></span> <span class='ocrx_word' id='word_1_120' title='bbox 971 1188 1013 1223; x_wconf 92' lang='lat' dir='ltr'><strong>ut</strong></span> <span class='ocrx_word' id='word_1_121' title='bbox 1027 1181 1070 1223; x_wconf 90' lang='lat' dir='ltr'><strong>le</strong></span> <span class='ocrx_word' id='word_1_122' title='bbox 1079 1185 1176 1225; x_wconf 92' lang='lat' dir='ltr'><strong>ctio</strong></span> <span class='ocrx_word' id='word_1_123' title='bbox 1185 1198 1209 1225; x_wconf 93' lang='lat' dir='ltr'><strong>n</strong></span> <span class='ocrx_word' id='word_1_124' title='bbox 1218 1185 1442 1245; x_wconf 38' lang='lat' dir='ltr'><strong>cupiamque</strong></span> 
     </span>
     <span class='ocr_line' id='line_1_17' title="bbox 99 1248 1440 1309; baseline -0.001 -10"><span class='ocrx_word' id='word_1_125' title='bbox 99 1259 147 1299; x_wconf 90' lang='lat' dir='ltr'><strong>de</strong></span> <span class='ocrx_word' id='word_1_126' title='bbox 175 1257 468 1298; x_wconf 80' lang='lat' dir='ltr'><strong>recitatione</strong></span> <span class='ocrx_word' id='word_1_127' title='bbox 495 1256 801 1309; x_wconf 65' lang='lat' dir='ltr'><strong>interpretemur,</strong></span> <span class='ocrx_word' id='word_1_128' title='bbox 828 1267 947 1307; x_wconf 88' lang='lat' dir='ltr'><strong>quum</strong></span> <span class='ocrx_word' id='word_1_129' title='bbox 961 1260 1155 1308; x_wconf 81' lang='lat' dir='ltr'><strong>appareat,</strong></span> <span class='ocrx_word' id='word_1_130' title='bbox 1183 1256 1290 1296; x_wconf 88' lang='lat' dir='ltr'><strong>illum</strong></span> <span class='ocrx_word' id='word_1_131' title='bbox 1310 1248 1440 1307; x_wconf 68' lang='lat' dir='ltr'><strong>eliam,</strong></span> 
     </span>
     <span class='ocr_line' id='line_1_18' title="bbox 99 1317 1444 1383; baseline 0.001 -14"><span class='ocrx_word' id='word_1_132' title='bbox 99 1331 164 1383; x_wconf 90' lang='lat' dir='ltr'><strong>qui</strong></span> <span class='ocrx_word' id='word_1_133' title='bbox 201 1329 308 1369; x_wconf 88' lang='lat' dir='ltr'><strong>solus</strong></span> <span class='ocrx_word' id='word_1_134' title='bbox 346 1329 385 1368; x_wconf 86' lang='lat' dir='ltr'><strong>in</strong></span> <span class='ocrx_word' id='word_1_135' title='bbox 413 1328 535 1367; x_wconf 88' lang='lat' dir='ltr'><strong>musei</strong></span> <span class='ocrx_word' id='word_1_136' title='bbox 575 1326 711 1365; x_wconf 88' lang='lat' dir='ltr'><strong>umbra</strong></span> <span class='ocrx_word' id='word_1_137' title='bbox 751 1324 927 1365; x_wconf 88' lang='lat' dir='ltr'><strong>codicem</strong></span> <span class='ocrx_word' id='word_1_138' title='bbox 949 1317 1189 1375; x_wconf 61' lang='lat' dir='ltr'><strong>‚coffexerit,</strong></span> <span class='ocrx_word' id='word_1_139' title='bbox 1231 1326 1369 1369; x_wconf 91' lang='lat' dir='ltr'><strong>librum</strong></span> <span class='ocrx_word' id='word_1_140' title='bbox 1404 1335 1444 1370; x_wconf 90' lang='lat' dir='ltr'><strong>et</strong></span> 
     </span>
     <span class='ocr_line' id='line_1_19' title="bbox 97 1393 1442 1455; baseline -0.001 -15"><span class='ocrx_word' id='word_1_141' title='bbox 97 1400 274 1455; x_wconf 87' lang='lat' dir='ltr'><strong>legisse</strong></span> <span class='ocrx_word' id='word_1_142' title='bbox 301 1403 341 1439; x_wconf 89' lang='lat' dir='ltr'><strong>et</strong></span> <span class='ocrx_word' id='word_1_143' title='bbox 354 1397 592 1444; x_wconf 88' lang='lat' dir='ltr'><strong>emendasse,</strong></span> <span class='ocrx_word' id='word_1_144' title='bbox 620 1408 744 1449; x_wconf 84' lang='lat' dir='ltr'><strong>eaque</strong></span> <span class='ocrx_word' id='word_1_145' title='bbox 771 1406 870 1448; x_wconf 85' lang='lat' dir='ltr'><strong>quae</strong></span> <span class='ocrx_word' id='word_1_146' title='bbox 888 1393 1067 1433; x_wconf 87' lang='lat' dir='ltr'><strong>Caesaris</strong></span> <span class='ocrx_word' id='word_1_147' title='bbox 1092 1399 1376 1438; x_wconf 85' lang='lat' dir='ltr'><strong>commentariis</strong></span> <span class='ocrx_word' id='word_1_148' title='bbox 1394 1400 1442 1439; x_wconf 91' lang='lat' dir='ltr'><strong>de</strong></span> 
     </span>
     <span class='ocr_line' id='line_1_20' title="bbox 97 1464 1443 1521; baseline -0.001 -9"><span class='ocrx_word' id='word_1_149' title='bbox 97 1471 198 1512; x_wconf 90' lang='lat' dir='ltr'><strong>bello</strong></span> <span class='ocrx_word' id='word_1_150' title='bbox 234 1470 383 1511; x_wconf 88' lang='lat' dir='ltr'><strong>Gallico</strong></span> <span class='ocrx_word' id='word_1_151' title='bbox 418 1469 507 1509; x_wconf 88' lang='lat' dir='ltr'><strong>olim</strong></span> <span class='ocrx_word' id='word_1_152' title='bbox 543 1467 758 1521; x_wconf 87' lang='lat' dir='ltr'><strong>subscripta</strong></span> <span class='ocrx_word' id='word_1_153' title='bbox 791 1470 881 1505; x_wconf 89' lang='lat' dir='ltr'><strong>sunt</strong></span> <span class='ocrx_word' id='word_1_154' title='bbox 922 1464 1054 1519; x_wconf 63' lang='lat' dir='ltr'><strong>⁸Iulius</strong></span> <span class='ocrx_word' id='word_1_155' title='bbox 1081 1467 1223 1509; x_wconf 84' lang='lat' dir='ltr'><strong>Celsus</strong></span> <span class='ocrx_word' id='word_1_156' title='bbox 1248 1469 1443 1511; x_wconf 86' lang='lat' dir='ltr'><strong>Constan-</strong></span> 
     </span>
     <span class='ocr_line' id='line_1_21' title="bbox 96 1536 1443 1595; baseline -0.001 -12"><span class='ocrx_word' id='word_1_157' title='bbox 96 1544 199 1583; x_wconf 91' lang='lat' dir='ltr'><strong>tinus</strong></span> <span class='ocrx_word' id='word_1_158' title='bbox 226 1557 263 1581; x_wconf 86' lang='grc' dir='ltr'><strong>ν.</strong></span> <span class='ocrx_word' id='word_1_159' title='bbox 290 1555 324 1582; x_wconf 89' lang='lat' dir='ltr'><strong>c.</strong></span> <span class='ocrx_word' id='word_1_160' title='bbox 352 1540 395 1580; x_wconf 89' lang='lat' dir='ltr'><strong>le</strong></span> <span class='ocrx_word' id='word_1_161' title='bbox 407 1539 467 1595; x_wconf 84' lang='lat' dir='ltr'><strong>gi&#39;</strong></span> <span class='ocrx_word' id='word_1_162' title='bbox 505 1538 714 1579; x_wconf 87' lang='lat' dir='ltr'><strong>solitariam</strong></span> <span class='ocrx_word' id='word_1_163' title='bbox 740 1542 783 1577; x_wconf 91' lang='lat' dir='ltr'><strong>ut</strong></span> <span class='ocrx_word' id='word_1_164' title='bbox 822 1537 874 1576; x_wconf 85' lang='lat' dir='ltr'><strong>ita</strong></span> <span class='ocrx_word' id='word_1_165' title='bbox 914 1536 1041 1577; x_wconf 86' lang='lat' dir='ltr'><strong>dicam</strong></span> <span class='ocrx_word' id='word_1_166' title='bbox 1076 1552 1234 1594; x_wconf 88' lang='lat' dir='ltr'><strong>operam</strong></span> <span class='ocrx_word' id='word_1_167' title='bbox 1272 1541 1443 1581; x_wconf 87' lang='lat' dir='ltr'><strong>indicare</strong></span> 
     </span>
     <span class='ocr_line' id='line_1_22' title="bbox 97 1608 1442 1669; baseline -0.001 -15"><span class='ocrx_word' id='word_1_168' title='bbox 97 1616 312 1669; x_wconf 83' lang='lat' dir='ltr'><strong>videantur.</strong></span> <span class='ocrx_word' id='word_1_169' title='bbox 354 1612 462 1652; x_wconf 91' lang='lat' dir='ltr'><strong>Haec</strong></span> <span class='ocrx_word' id='word_1_170' title='bbox 490 1615 620 1650; x_wconf 85' lang='lat' dir='ltr'><strong>autem</strong></span> <span class='ocrx_word' id='word_1_171' title='bbox 648 1611 898 1665; x_wconf 47' lang='lat' dir='ltr'><strong>‘conferente</strong></span> <span class='ocrx_word' id='word_1_172' title='bbox 916 1608 1006 1651; x_wconf 87' lang='lat' dir='ltr'><strong>mihi</strong></span> <span class='ocrx_word' id='word_1_173' title='bbox 1033 1611 1234 1667; x_wconf 86' lang='lat' dir='ltr'><strong>magistro&#39;</strong></span> <span class='ocrx_word' id='word_1_174' title='bbox 1262 1612 1442 1667; x_wconf 85' lang='lat' dir='ltr'><strong>probabi·</strong></span> 
     </span>
     <span class='ocr_line' id='line_1_23' title="bbox 95 1676 1443 1738; baseline -0.002 -10"><span class='ocrx_word' id='word_1_175' title='bbox 95 1676 182 1728; x_wconf 86' lang='lat' dir='ltr'><strong>liter</strong></span> <span class='ocrx_word' id='word_1_176' title='bbox 215 1687 276 1727; x_wconf 76' lang='lat' dir='ltr'><strong>de&#39;</strong></span> <span class='ocrx_word' id='word_1_177' title='bbox 298 1685 382 1726; x_wconf 90' lang='lat' dir='ltr'><strong>libri</strong></span> <span class='ocrx_word' id='word_1_178' title='bbox 416 1683 577 1724; x_wconf 88' lang='lat' dir='ltr'><strong>alicuius</strong></span> <span class='ocrx_word' id='word_1_179' title='bbox 612 1681 817 1723; x_wconf 90' lang='lat' dir='ltr'><strong>collatione</strong></span> <span class='ocrx_word' id='word_1_180' title='bbox 851 1683 1034 1738; x_wconf 87' lang='lat' dir='ltr'><strong>explicari</strong></span> <span class='ocrx_word' id='word_1_181' title='bbox 1074 1683 1266 1724; x_wconf 87' lang='lat' dir='ltr'><strong>concedo:</strong></span> <span class='ocrx_word' id='word_1_182' title='bbox 1307 1684 1443 1725; x_wconf 88' lang='lat' dir='ltr'><strong>eadem</strong></span> 
     </span>
     <span class='ocr_line' id='line_1_24' title="bbox 96 1753 1444 1810; baseline -0.002 -11"><span class='ocrx_word' id='word_1_183' title='bbox 96 1765 224 1799; x_wconf 86' lang='lat' dir='ltr'><strong>tamen</strong></span> <span class='ocrx_word' id='word_1_184' title='bbox 240 1758 288 1799; x_wconf 87' lang='lat' dir='ltr'><strong>de</strong></span> <span class='ocrx_word' id='word_1_185' title='bbox 302 1772 343 1798; x_wconf 89' lang='lat' dir='ltr'><strong>re</strong></span> <span class='ocrx_word' id='word_1_186' title='bbox 358 1757 529 1796; x_wconf 88' lang='lat' dir='ltr'><strong>Securus</strong></span> <span class='ocrx_word' id='word_1_187' title='bbox 545 1753 695 1794; x_wconf 89' lang='lat' dir='ltr'><strong>Memor</strong></span> <span class='ocrx_word' id='word_1_188' title='bbox 709 1754 820 1795; x_wconf 83' lang='lat' dir='ltr'><strong>Felix</strong></span> <span class='ocrx_word' id='word_1_189' title='bbox 829 1753 876 1793; x_wconf 90' lang='lat' dir='ltr'><strong>V.</strong></span> <span class='ocrx_word' id='word_1_190' title='bbox 892 1754 960 1810; x_wconf 92' lang='lat' dir='ltr'><strong>Sp.</strong></span> <span class='ocrx_word' id='word_1_191' title='bbox 983 1754 1095 1795; x_wconf 90' lang='lat' dir='ltr'><strong>Com.</strong></span> <span class='ocrx_word' id='word_1_192' title='bbox 1112 1754 1284 1797; x_wconf 92' lang='lat' dir='ltr'><strong>Concist.</strong></span> <span class='ocrx_word' id='word_1_193' title='bbox 1298 1754 1444 1796; x_wconf 88' lang='lat' dir='ltr'><strong>Rhetor</strong></span> 
     </span>
     <span class='ocr_line' id='line_1_25' title="bbox 95 1824 1444 1883; baseline -0.002 -14"><span class='ocrx_word' id='word_1_194' title='bbox 95 1828 155 1878; x_wconf 71' lang='lat' dir='ltr'><strong>R„</strong></span> <span class='ocrx_word' id='word_1_195' title='bbox 180 1830 246 1883; x_wconf 86' lang='lat' dir='ltr'><strong>qui</strong></span> <span class='ocrx_word' id='word_1_196' title='bbox 274 1828 503 1869; x_wconf 85' lang='lat' dir='ltr'><strong>Martianum</strong></span> <span class='ocrx_word' id='word_1_197' title='bbox 531 1824 733 1880; x_wconf 85' lang='lat' dir='ltr'><strong>Capellam</strong></span> <span class='ocrx_word' id='word_1_198' title='bbox 760 1827 995 1875; x_wconf 87' lang='lat' dir='ltr'><strong>emendavit,</strong></span> <span class='ocrx_word' id='word_1_199' title='bbox 1030 1826 1104 1866; x_wconf 89' lang='lat' dir='ltr'><strong>alio</strong></span> <span class='ocrx_word' id='word_1_200' title='bbox 1132 1826 1323 1867; x_wconf 87' lang='lat' dir='ltr'><strong>vocabulo</strong></span> <span class='ocrx_word' id='word_1_201' title='bbox 1350 1840 1444 1868; x_wconf 88' lang='lat' dir='ltr'><strong>usus</strong></span> 
     </span>
     <span class='ocr_line' id='line_1_26' title="bbox 96 1896 1441 1955; baseline -0.002 -16"><span class='ocrx_word' id='word_1_202' title='bbox 96 1905 165 1948; x_wconf 88' lang='lat' dir='ltr'><strong>est,</strong></span> <span class='ocrx_word' id='word_1_203' title='bbox 192 1913 311 1955; x_wconf 89' lang='lat' dir='ltr'><strong>quum</strong></span> <span class='ocrx_word' id='word_1_204' title='bbox 338 1898 491 1953; x_wconf 88' lang='lat' dir='ltr'><strong>scripsit</strong></span> <span class='ocrx_word' id='word_1_205' title='bbox 516 1896 630 1936; x_wconf 85' lang='lat' dir='ltr'><strong>haec:</strong></span> <span class='ocrx_word' id='word_1_206' title='bbox 665 1901 851 1950; x_wconf 55' lang='lat' dir='ltr'><strong>‘contra</strong></span> <span class='ocrx_word' id='word_1_207' title='bbox 880 1897 1072 1952; x_wconf 88' lang='lat' dir='ltr'><strong>legente</strong></span> <span class='ocrx_word' id='word_1_208' title='bbox 1098 1897 1285 1936; x_wconf 89' lang='lat' dir='ltr'><strong>Deuterio</strong></span> <span class='ocrx_word' id='word_1_209' title='bbox 1314 1896 1441 1937; x_wconf 90' lang='lat' dir='ltr'><strong>Scho-</strong></span> 
     </span>
     <span class='ocr_line' id='line_1_27' title="bbox 94 1967 1443 2024; baseline -0.001 -14"><span class='ocrx_word' id='word_1_210' title='bbox 94 1972 229 2012; x_wconf 88' lang='lat' dir='ltr'><strong>lastico</strong></span> <span class='ocrx_word' id='word_1_211' title='bbox 271 1970 458 2024; x_wconf 85' lang='lat' dir='ltr'><strong>discipulo</strong></span> <span class='ocrx_word' id='word_1_212' title='bbox 497 1968 609 2008; x_wconf 62' lang='lat' dir='ltr'><strong>meo.¹</strong></span> <span class='ocrx_word' id='word_1_213' title='bbox 657 1969 722 2017; x_wconf 89' lang='lat' dir='ltr'><strong>(de</strong></span> <span class='ocrx_word' id='word_1_214' title='bbox 750 1974 829 2008; x_wconf 87' lang='lat' dir='ltr'><strong>tota</strong></span> <span class='ocrx_word' id='word_1_215' title='bbox 865 1969 939 2008; x_wconf 89' lang='lat' dir='ltr'><strong>hac</strong></span> <span class='ocrx_word' id='word_1_216' title='bbox 966 1982 1008 2007; x_wconf 91' lang='lat' dir='ltr'><strong>re</strong></span> <span class='ocrx_word' id='word_1_217' title='bbox 1034 1968 1149 2007; x_wconf 91' lang='lat' dir='ltr'><strong>docte</strong></span> <span class='ocrx_word' id='word_1_218' title='bbox 1185 1967 1367 2008; x_wconf 89' lang='lat' dir='ltr'><strong>disseruit</strong></span> <span class='ocrx_word' id='word_1_219' title='bbox 1393 1969 1443 2009; x_wconf 91' lang='lat' dir='ltr'><strong>de</strong></span> 
     </span>
     <span class='ocr_line' id='line_1_28' title="bbox 94 2036 1445 2094; baseline 0.001 -15"><span class='ocrx_word' id='word_1_220' title='bbox 94 2040 207 2080; x_wconf 84' lang='lat' dir='ltr'><strong>Rossi</strong></span> <span class='ocrx_word' id='word_1_221' title='bbox 235 2040 297 2079; x_wconf 91' lang='lat' dir='ltr'><strong>l.l.</strong></span> <span class='ocrx_word' id='word_1_222' title='bbox 327 2054 362 2094; x_wconf 89' lang='lat' dir='ltr'><strong>p.</strong></span> <span class='ocrx_word' id='word_1_223' title='bbox 384 2039 435 2078; x_wconf 79' lang='lat'><strong>46</strong></span> <span class='ocrx_word' id='word_1_224' title='bbox 461 2039 565 2091; x_wconf 82' lang='lat' dir='ltr'><strong>sqq.)</strong></span> <span class='ocrx_word' id='word_1_225' title='bbox 603 2036 751 2086; x_wconf 86' lang='lat' dir='ltr'><strong>Quodsi</strong></span> <span class='ocrx_word' id='word_1_226' title='bbox 792 2038 876 2092; x_wconf 91' lang='lat' dir='ltr'><strong>quis</strong></span> <span class='ocrx_word' id='word_1_227' title='bbox 904 2042 1061 2087; x_wconf 88' lang='lat' dir='ltr'><strong>statuat,</strong></span> <span class='ocrx_word' id='word_1_228' title='bbox 1082 2038 1197 2086; x_wconf 83' lang='lat' dir='ltr'><strong>idem,</strong></span> <span class='ocrx_word' id='word_1_229' title='bbox 1239 2038 1344 2093; x_wconf 87' lang='lat' dir='ltr'><strong>quod</strong></span> <span class='ocrx_word' id='word_1_230' title='bbox 1382 2038 1445 2080; x_wconf 83' lang='lat' dir='ltr'><strong>hic</strong></span> 
     </span>
     <span class='ocr_line' id='line_1_29' title="bbox 94 2103 1444 2165; baseline -0.002 -13"><span class='ocrx_word' id='word_1_231' title='bbox 94 2103 257 2152; x_wconf 80' lang='lat' dir='ltr'><strong>contra</strong></span> <span class='ocrx_word' id='word_1_232' title='bbox 292 2111 464 2165; x_wconf 85' lang='lat' dir='ltr'><strong>legere</strong></span> <span class='ocrx_word' id='word_1_233' title='bbox 505 2108 664 2155; x_wconf 86' lang='lat' dir='ltr'><strong>dicatur,</strong></span> <span class='ocrx_word' id='word_1_234' title='bbox 706 2107 871 2164; x_wconf 84' lang='lat' dir='ltr'><strong>legere</strong></span> <span class='ocrx_word' id='word_1_235' title='bbox 906 2109 1051 2149; x_wconf 88' lang='lat' dir='ltr'><strong>dictum</strong></span> <span class='ocrx_word' id='word_1_236' title='bbox 1078 2123 1165 2149; x_wconf 89' lang='lat' dir='ltr'><strong>esse</strong></span> <span class='ocrx_word' id='word_1_237' title='bbox 1191 2123 1213 2149; x_wconf 87' lang='lat' dir='ltr'><strong>a</strong></span> <span class='ocrx_word' id='word_1_238' title='bbox 1241 2108 1444 2159; x_wconf 76' lang='lat' dir='ltr'><strong>Mavortia,</strong></span> 
     </span>
     <span class='ocr_line' id='line_1_30' title="bbox 93 2179 1444 2240; baseline -0.002 -15"><span class='ocrx_word' id='word_1_239' title='bbox 93 2185 236 2240; x_wconf 87' lang='lat' dir='ltr'><strong>primas</strong></span> <span class='ocrx_word' id='word_1_240' title='bbox 262 2187 392 2239; x_wconf 86' lang='lat' dir='ltr'><strong>partes</strong></span> <span class='ocrx_word' id='word_1_241' title='bbox 418 2180 455 2222; x_wconf 86' lang='lat' dir='ltr'><strong>in</strong></span> <span class='ocrx_word' id='word_1_242' title='bbox 484 2179 645 2220; x_wconf 88' lang='lat' dir='ltr'><strong>Horatio</strong></span> <span class='ocrx_word' id='word_1_243' title='bbox 680 2180 920 2223; x_wconf 90' lang='lat' dir='ltr'><strong>emendando</strong></span> <span class='ocrx_word' id='word_1_244' title='bbox 947 2195 1024 2223; x_wconf 90' lang='lat' dir='ltr'><strong>non</strong></span> <span class='ocrx_word' id='word_1_245' title='bbox 1053 2181 1285 2222; x_wconf 80' lang='lat' dir='ltr'><strong>Mavortiam</strong></span> <span class='ocrx_word' id='word_1_246' title='bbox 1318 2182 1444 2237; x_wconf 87' lang='lat' dir='ltr'><strong>egisse</strong></span> 
     </span>
     <span class='ocr_line' id='line_1_31' title="bbox 93 2252 1444 2308; baseline -0.001 -12"><span class='ocrx_word' id='word_1_247' title='bbox 93 2256 338 2298; x_wconf 91' lang='lat' dir='ltr'><strong>iudicandum</strong></span> <span class='ocrx_word' id='word_1_248' title='bbox 367 2254 449 2302; x_wconf 88' lang='lat' dir='ltr'><strong>erit,</strong></span> <span class='ocrx_word' id='word_1_249' title='bbox 477 2252 545 2293; x_wconf 89' lang='lat' dir='ltr'><strong>sed</strong></span> <span class='ocrx_word' id='word_1_250' title='bbox 573 2254 818 2308; x_wconf 78' lang='lat' dir='ltr'><strong>magistr-um,</strong></span> <span class='ocrx_word' id='word_1_251' title='bbox 853 2268 972 2308; x_wconf 92' lang='lat' dir='ltr'><strong>quum</strong></span> <span class='ocrx_word' id='word_1_252' title='bbox 1010 2259 1140 2294; x_wconf 87' lang='lat' dir='ltr'><strong>tamen</strong></span> <span class='ocrx_word' id='word_1_253' title='bbox 1168 2254 1235 2294; x_wconf 86' lang='lat' dir='ltr'><strong>vix</strong></span> <span class='ocrx_word' id='word_1_254' title='bbox 1261 2253 1444 2295; x_wconf 85' lang='lat' dir='ltr'><strong>credibile</strong></span> 
     </span>
     <span class='ocr_line' id='line_1_32' title="bbox 94 2324 1446 2378; baseline -0.002 -10"><span class='ocrx_word' id='word_1_255' title='bbox 94 2330 154 2378; x_wconf 89' lang='lat' dir='ltr'><strong>sit,</strong></span> <span class='ocrx_word' id='word_1_256' title='bbox 173 2327 403 2369; x_wconf 85' lang='lat' dir='ltr'><strong>secundario</strong></span> <span class='ocrx_word' id='word_1_257' title='bbox 419 2324 605 2366; x_wconf 88' lang='lat' dir='ltr'><strong>eiusmodi</strong></span> <span class='ocrx_word' id='word_1_258' title='bbox 633 2338 794 2365; x_wconf 85' lang='lat' dir='ltr'><strong>munere</strong></span> <span class='ocrx_word' id='word_1_259' title='bbox 810 2331 1034 2366; x_wconf 88' lang='lat' dir='ltr'><strong>contentum</strong></span> <span class='ocrx_word' id='word_1_260' title='bbox 1056 2325 1173 2365; x_wconf 78' lang='lat' dir='ltr'><strong>fuisse</strong></span> <span class='ocrx_word' id='word_1_261' title='bbox 1192 2325 1318 2366; x_wconf 89' lang='lat' dir='ltr'><strong>virum</strong></span> <span class='ocrx_word' id='word_1_262' title='bbox 1338 2325 1446 2365; x_wconf 88' lang='lat' dir='ltr'><strong>nobi-</strong></span> 
     </span>
     <span class='ocr_line' id='line_1_33' title="bbox 93 2395 1448 2452; baseline -0.002 -13"><span class='ocrx_word' id='word_1_263' title='bbox 93 2399 292 2441; x_wconf 87' lang='lat' dir='ltr'><strong>lissimum.</strong></span> <span class='ocrx_word' id='word_1_264' title='bbox 347 2397 480 2452; x_wconf 87' lang='lat' dir='ltr'><strong>ltaque</strong></span> <span class='ocrx_word' id='word_1_265' title='bbox 507 2409 584 2436; x_wconf 88' lang='lat' dir='ltr'><strong>non</strong></span> <span class='ocrx_word' id='word_1_266' title='bbox 612 2395 726 2450; x_wconf 88' lang='lat' dir='ltr'><strong>plane</strong></span> <span class='ocrx_word' id='word_1_267' title='bbox 754 2395 920 2436; x_wconf 89' lang='lat' dir='ltr'><strong>absurde</strong></span> <span class='ocrx_word' id='word_1_268' title='bbox 948 2396 1193 2446; x_wconf 80' lang='lat' dir='ltr'><strong>dubitabitur,</strong></span> <span class='ocrx_word' id='word_1_269' title='bbox 1222 2411 1272 2438; x_wconf 85' lang='lat' dir='ltr'><strong>an</strong></span> <span class='ocrx_word' id='word_1_270' title='bbox 1299 2397 1448 2438; x_wconf 87' lang='lat' dir='ltr'><strong>licuerit</strong></span> 
     </span>
    </p>
   </div>
   <div class='ocr_carea' id='block_1_3' title="bbox 96 2466 1448 2579">
    <p class='ocr_par' dir='ltr' id='par_1_4' title="bbox 96 2466 1448 2579">
     <span class='ocr_line' id='line_1_34' title="bbox 96 2466 1448 2525; baseline -0.003 -13"><span class='ocrx_word' id='word_1_271' title='bbox 96 2470 307 2519; x_wconf 75' lang='lat' dir='ltr'><strong>Mavortia,</strong></span> <span class='ocrx_word' id='word_1_272' title='bbox 349 2469 456 2510; x_wconf 88' lang='lat' dir='ltr'><strong>illum</strong></span> <span class='ocrx_word' id='word_1_273' title='bbox 499 2467 568 2508; x_wconf 87' lang='lat' dir='ltr'><strong>sibi</strong></span> <span class='ocrx_word' id='word_1_274' title='bbox 606 2466 815 2516; x_wconf 85' lang='lat' dir='ltr'><strong>contulisse</strong></span> <span class='ocrx_word' id='word_1_275' title='bbox 855 2468 1001 2515; x_wconf 78' lang='lat' dir='ltr'><strong>dicere,</strong></span> <span class='ocrx_word' id='word_1_276' title='bbox 1044 2482 1132 2509; x_wconf 90' lang='lat' dir='ltr'><strong>cum</strong></span> <span class='ocrx_word' id='word_1_277' title='bbox 1181 2483 1259 2525; x_wconf 88' lang='lat' dir='ltr'><strong>quo</strong></span> <span class='ocrx_word' id='word_1_278' title='bbox 1300 2469 1448 2523; x_wconf 84' lang='lat' dir='ltr'><strong>singula</strong></span> 
     </span>
     <span class='ocr_line' id='line_1_35' title="bbox 1180 2542 1205 2579; baseline 0 0"><span class='ocrx_word' id='word_1_279' title='bbox 1180 2542 1205 2579; x_wconf 86' lang='lat'>2</span> 
     </span>
    </p>
   </div>
  </div>
 </body>
</html>
