1669 2839
767 82 827 125 29
1108 89 1169 149 ᾖ,

308 193 343 231 si
371 193 504 247 positis
530 193 631 232 intus
654 192 745 232 Chii
772 193 991 247 veterisque
1019 190 1198 252 Falernis„

310 262 415 305 mille
441 264 549 305 cadis
578 290 622 297 --
653 263 745 305 nihil
771 269 841 313 est,
868 267 1084 304 tercentum
1112 259 1275 311 milibus,
1301 256 1403 304 acre'

309 341 419 389 potet
444 341 617 385 acetum;
642 349 727 391 age,
748 337 787 376 si
814 341 853 375 et
877 334 1095 375 stramentis
1121 334 1278 374 incubet
1304 335 1424 388 unde-

310 406 505 461 octoginta
531 420 652 448 annos
677 412 800 455 natus,
828 407 890 447 cui
908 404 1079 461 stragula
1105 406 1224 446 vestis

309 467 801 518 blattamm-ac'tinearum
828 476 965 532 epulae
992 481 1190 530 putrescat
1216 478 1254 517 in
1282 490 1392 517 arca:

307 548 486 588 nimirum
512 534 667 589 insanius
693 548 827 603 paucis
852 547 1028 587 videatur
1052 569 1121 586 —.

125 619 254 659 Sumit
278 617 350 658 sibi
376 618 452 659 hoc
477 619 668 659 interdum
695 617 895 665 Horatius,
935 622 978 657 ut
1013 619 1236 672 compositis
1271 618 1470 658 vocabulis

124 691 177 730 ita
203 694 341 738 utatur,
369 691 478 745 quasi
503 703 582 730 non
609 690 684 729 sint
710 688 936 743 composita,
964 688 1165 743 prioreque
1191 701 1325 743 earum
1361 694 1470 743 parte

124 760 418 801 antecedentem
470 774 627 801 versum
674 759 846 807 claudat,
894 760 1054 799 alteram
1092 760 1130 798 in
1169 760 1365 813 sequentis
1405 774 1469 800 ca-

124 832 203 886 pite
241 836 371 885 ponat.
425 831 557 887 ltaque
589 833 628 871 in
654 832 737 886 ipsa
768 830 833 871 illa
866 831 1051 871 divisione
1078 829 1260 885 longioris
1288 830 1468 871 vocabuli

123 901 505 957 undeoctoginta
532 902 625 943 nihil
651 907 727 949 est,
769 902 873 956 quod
902 910 1137 957 magnopere
1165 902 1359 942 offendere
1377 916 1469 957 pos-

124 974 192 1021 sit,
232 974 310 1013 imo
338 988 415 1014 non
431 975 545 1029 pauci
571 975 733 1014 fortasse
759 972 957 1028 praeclare
995 971 1057 1013 hic
1088 986 1133 1012 ea
1166 978 1321 1027 poetam
1353 987 1467 1015 usum

123 1057 211 1082 esse
235 1044 475 1091 iudicabunt,
502 1049 546 1083 ut
572 1037 702 1084 senilis
728 1045 863 1083 aetatis
890 1044 1107 1084 tarditatem
1134 1045 1319 1084 recitandi
1348 1058 1466 1098 quae-

126 1115 215 1155 dam
243 1114 412 1162 tarditas,
439 1128 490 1155 ex
515 1115 802 1169 ipsadivisione
830 1119 925 1163 orta,
952 1113 1239 1169 quodammodo
1264 1120 1465 1171 aequaret:

120 1192 236 1242 atque
261 1186 414 1226 videtur
439 1200 533 1226 sane
557 1186 745 1227 Horatius.
762 1185 876 1226 simili
894 1186 1008 1241 plane
1034 1186 1193 1226 consilio
1220 1187 1322 1227 idem
1350 1187 1464 1227 artili-

121 1259 224 1300 cium
264 1272 470 1313 usurpasse
510 1259 619 1314 epist.
655 1257 695 1299 ll.
723 1258 759 1298 2.
787 1258 839 1298 93
878 1262 1038 1312 ι(Ῑιιειῐιῑο
1077 1256 1274 1298 molimine
1299 1259 1465 1299 circum-

118 1334 339 1384 spectemus
356 1342 520 1369 vacuam
538 1328 722 1368 Romanis
747 1329 900 1368 vatibus
917 1329 1076 1368 aedem'.
1110 1330 1160 1368 At
1172 1331 1310 1383 *nescio
1325 1334 1464 1376 tamen,

120 1415 170 1441 an
198 1414 244 1440 ea
273 1414 352 1449 ars,
401 1401 433 1440 si
460 1400 509 1441 ad
535 1399 639 1440 illam
677 1399 782 1439 avari
810 1400 912 1440 senis
939 1399 1235 1455 descriptionem
1260 1400 1465 1440 transfera-

119 1478 190 1519 tur,
217 1476 324 1511 recte
348 1471 530 1511 iudicanti
555 1471 671 1510 nimia
700 1470 821 1510 videri
849 1470 998 1518 debeat,
1024 1485 1143 1525 quum
1167 1485 1295 1525 neque
1326 1471 1464 1511 intelli-

118 1556 219 1598 gam,
248 1555 318 1582 cur
343 1540 419 1581 hoc
444 1541 601 1596 quidem
628 1540 715 1581 loco
743 1540 903 1581 senilem
931 1541 1148 1581 tarditatem
1181 1547 1259 1581 tam
1299 1555 1463 1596 operose

120 1613 412 1655 describendam
439 1613 647 1660 censuerit,
681 1625 800 1667 quum
828 1612 876 1652 de
903 1613 1079 1653 tarditate
1105 1613 1197 1653 nihil
1225 1614 1379 1653 omnino
1406 1614 1463 1653 di-

118 1691 246 1734 catur,
273 1690 313 1725 et
338 1686 421 1740 ipsa
447 1684 544 1725 haec
571 1684 784 1740 ‘octoginta
811 1696 932 1724 annos
958 1684 1087 1724 natus'
1114 1698 1183 1740 per
1198 1699 1240 1725 se
1256 1686 1347 1725 satis
1366 1698 1463 1741 pon-

118 1758 257 1797 derosa
283 1757 359 1797 sint
384 1755 567 1810 lentoque
592 1756 717 1810 gradu
755 1755 978 1810 procedant.
1039 1756 1222 1807 Quaesita
1258 1763 1364 1798 certe
1390 1759 1463 1798 ista

116 1828 306 1883 elegantia
334 1829 366 1867 si
391 1828 430 1867 in
457 1826 577 1867 altera
604 1826 715 1867 lance
741 1826 905 1880 ponitur,
932 1827 971 1866 in
999 1826 1119 1867 altera
1144 1827 1248 1876 illud,
1275 1828 1377 1882 quod
1406 1829 1463 1868 ni—

117 1900 190 1938 mis
223 1904 403 1939 accurata
431 1904 471 1938 et
495 1911 618 1953 paene
657 1898 770 1937 anxia
811 1899 947 1938 aetatis
986 1897 1154 1937 definitio
1189 1897 1237 1936 ab
1271 1897 1346 1938 hoc
1372 1898 1462 1938 loco

115 1970 229 2025 plane
256 1970 379 2010 aliena
407 1975 486 2010 est:
513 1981 653 2009 vereor.
671 1982 721 2007 ne
739 1982 892 2008 sursum
918 1969 1063 2008 seratur
1089 1968 1194 2022 prior
1220 1968 1297 2010 illa.
1336 1968 1465 2010 Possit

114 2039 253 2094 aliquis
280 2040 487 2086 coniicere,
528 2042 677 2078 certum
703 2037 871 2093 aliquem
897 2038 1093 2079 hominem
1121 2044 1223 2080 tecte
1249 2040 1464 2095 significari,

115 2112 179 2164 qui
220 2116 312 2151 tunc
353 2110 480 2164 ipsum
519 2109 821 2165 undeoctoginta
862 2124 984 2153 annos
1017 2115 1129 2151 natus
1165 2111 1297 2152 suerit:
1339 2117 1379 2151 at
1418 2126 1463 2152 ea

112 2182 334 2222 coniectura
361 2194 461 2221 vana
490 2185 549 2220 est
576 2181 770 2236 certisque
810 2181 1065 2223 fundamentis
1103 2181 1301 2229 destituta,
1342 2196 1465 2236 quum

113 2255 216 2309 apud
242 2260 395 2294 veteres
414 2254 641 2307 interpretes
661 2251 754 2292 nihil
774 2251 850 2292 tale
876 2253 1101 2294 inveniatur.
1153 2254 1280 2308 Atque
1313 2255 1463 2294 etiamsi

113 2326 311 2366 verissima
341 2330 454 2373 esset,
488 2330 627 2371 tamen,
669 2324 740 2363 nisi
768 2324 892 2381 fallor,
933 2326 1130 2373 rotundus,
1164 2339 1280 2380 quem
1307 2330 1461 2372 vocant,

114 2411 297 2438 numerus
336 2397 538 2452 ponendus
566 2400 648 2436 erat
675 2396 713 2435 in
741 2397 911 2437 carmine
938 2411 983 2437 ea
1010 2411 1078 2451 spe
1107 2397 1269 2452 scripto,
1311 2397 1392 2437 sore
1420 2401 1462 2435 ut

112 2475 149 2507 et
177 2469 283 2509 illum
311 2470 348 2509 in
377 2482 519 2509 annum
548 2473 585 2508 et
612 2469 648 2507 in
678 2467 807 2521 plures
850 2469 1012 2509 viveret:
1055 2482 1131 2522 quo
1171 2468 1329 2514 accedit,
1356 2467 1461 2521 quod
