1669 2839
791 89 852 135 25

157 202 292 258 posuit
313 201 504 262 ⁸peruncti
519 199 690 241 faecibus
717 199 869 238 atris':
897 211 1014 252 quam
1027 197 1354 251 tectionem-quod
1370 210 1494 250 ‘mero

154 287 214 314 ex*
224 287 355 315 errore
381 275 524 314 ortcm’
549 267 642 316 dicit
669 268 846 318 Orellius,
871 269 909 310 id
927 269 1054 312 minus
1066 266 1159 308 mihi
1185 266 1338 322 probari
1362 267 1495 315 fateor,

152 359 274 401 quum
299 350 561 390 correctorem
586 343 714 397 potius
740 353 877 396 sapere
904 341 1090 382 videatur.
1144 339 1221 392 Qui
1241 343 1376 379 tamen
1402 351 1495 378 num

143 417 276 457 -atris
302 416 514 471 scripserit,
542 413 646 469 quod
672 412 868 467 epitheton
894 411 1114 452 faecibus
1140 424 1278 466 parum
1303 410 1495 457 convenit,

152 501 389 543 magnopere
408 486 559 526 dubito:
586 484 738 538 scripsit
750 484 917 522 sortasse
937 483 1129 536 ‘peruncti
1147 483 1316 522 faecibus
1333 486 1494 529 artus',

152 571 273 613 quum
299 562 452 613 putaret
479 562 558 598 tota
584 555 811 596 histrionum
836 544 997 607 corpora
1012 552 1130 593 oblita
1144 553 1273 593 luisse.
1314 555 1372 594 Ac
1390 554 1495 594 simi-

152 629 240 678 lem,
274 630 344 669 sed
377 629 500 668 multo
528 628 746 683 graviorem
781 625 1057 664 dubitationem
1089 624 1127 664 hi
1160 638 1297 665 versus
1336 631 1495 665 movent

153 700 254 756 epist
290 699 563 756 1.19.15..sq:

303 774 407 827 rupit
431 771 609 812 larbitam
634 769 857 824 Timagenis
883 738 1036 808 aemula
1060 768 1202 823 lingua,

305 844 398 886 dum
423 843 553 894 studet
575 841 754 882 urbanus
772 839 969 895 tenditque
996 839 1160 880 disertus
1185 838 1329 881 haberi.

151 916 398 970 Quamquam
439 915 541 955 enim
579 914 813 966 recentiores
852 911 972 952 critici
1012 924 1145 951 omnes
1185 912 1323 965 prioris
1359 926 1494 953 versus

151 986 363 1028 clausulam
381 985 481 1033 hanc
508 982 675 1040 ‘aemula
688 982 834 1039 lingua?
862 981 1076 1022 rectissime
1094 996 1136 1022 se
1153 981 1296 1023 habere
1313 982 1494 1033 iudicant,

151 1070 280 1112 neque
305 1057 423 1097 ullam
450 1058 662 1111 scripturae
688 1055 948 1095 diversitatem
974 1054 1053 1093 suis
1080 1068 1103 1093 e
1128 1054 1235 1093 libris
1264 1055 1496 1107 adnotarunt

152 1129 189 1177 ii,
213 1130 278 1183 qui
305 1128 576 1183 antiquissimis
602 1127 663 1166 usi
689 1130 795 1173 sunt,
830 1124 1033 1164 Bentleius
1060 1130 1175 1179 atque
1202 1124 1384 1166 Orellius:
1410 1111 1494 1181 ma·-

152 1212 269 1255 gnam
296 1205 425 1239 tamen
464 1199 734 1248 auctoritatem
772 1196 891 1236 altera
917 1195 1014 1236 haec
1039 1195 1155 1236 lectio
1181 1196 1299 1237 habet
1324 1198 1492 1251 ‘aemula

151 1274 297 1312 coena.²
348 1270 501 1311 Etenim
526 1271 681 1311 inventa
708 1273 767 1308 cst
792 1282 815 1307 a
840 1266 1013 1321 Cruquio
1040 1268 1079 1308 in
1105 1266 1316 1309 Blandiniis
1341 1269 1494 1310 duobus

150 1346 259 1392 (num
283 1343 322 1382 in
349 1341 611 1396 antiquissimo
638 1354 715 1381 non
740 1339 875 1394 liquet)
903 1343 1019 1392 atque
1046 1339 1294 1380 confirmatur
1318 1347 1495 1395 veterum

150 1418 498 1455 commentatorum
525 1424 728 1459 consensu,
756 1411 823 1466 qui
849 1423 985 1450 omnes
1009 1408 1189 1451 Iarbitam
1222 1412 1309 1452 idco
1337 1414 1495 1467 periisse

151 1485 318 1533 tradunt,
355 1485 462 1539 quod
489 1483 744 1538 Timagenem
782 1484 951 1523 imitatus
989 1484 1037 1522 sit
1064 1488 1170 1537 ‘post
1203 1485 1423 1525 convivium
1457 1492 1495 1525 et

152 1558 252 1597 inter
276 1555 417 1612 pocula
445 1554 749 1605 declamantem)
790 1554 866 1606 Qui
894 1555 1088 1609 copiosius
1115 1568 1231 1609 quam
1250 1557 1368 1596 ceteri
1382 1572 1427 1598 ea
1447 1558 1495 1598 de

150 1641 193 1667 re
233 1628 428 1674 disseruit,
474 1626 707 1679 Porphyrio,
757 1631 1009 1680 posteaquam
1057 1627 1225 1666 breviter
1263 1628 1496 1682 singularem

149 1697 254 1739 illam
272 1696 494 1753 Timagenis
520 1696 840 1746 consuetudinem
868 1697 1080 1752 descripsit,
1105 1698 1158 1738 ita
1178 1699 1320 1754 pergit:
1347 1698 1494 1753 ²Tima-

153 1783 275 1825 genes
303 1769 405 1809 enim
433 1767 577 1808 multos
614 1768 826 1809 conabatur
853 1768 1035 1809 adhibere
1063 1766 1274 1811 et'coenae
1303 1777 1342 1811 et
1369 1772 1495 1815 decla-

152 1841 309 1882 mationi
324 1854 428 1889 suae,
444 1839 613 1895 dumque
626 1840 674 1880 ab
690 1840 749 1881 his
762 1839 926 1881 multum
944 1839 1130 1889 laudatur,
1146 1842 1183 1881 in
1197 1839 1494 1884 'admirationem

150 1914 209 1953 sui
236 1926 472 1967 provocasse
491 1912 702 1965 Hyarbitan
730 1913 878 1960 dicitur,
905 1913 970 1965 qui
997 1927 1039 1951 se
1059 1918 1097 1951 et
1111 1913 1353 1959 stomachum
1379 1915 1494 1955 abru-

149 1986 215 2040 pit,
242 1984 335 2025 dum
361 1982 613 2037 Timagenem
642 1988 680 2022 et
706 1982 868 2023 dicendo
896 1987 936 2022 et
961 1982 1156 2037 pascendo
1193 1984 1340 2025 amicos
1367 1987 1498 2028 studet

147 2058 331 2110 aequare’
359 2053 491 2103 (Basil.
523 2054 649 2105 1555).
691 2054 793 2094 Sunt
819 2054 917 2094 haec
943 2067 1037 2095 sane
1063 2055 1163 2104 talia,
1190 2062 1234 2096 ut
1261 2056 1424 2107 dubites,
1447 2073 1496 2099 an

150 2132 296 2167 temere
324 2125 545 2180 excogitata
573 2125 648 2165 sint
674 2139 696 2166 a
724 2126 976 2185 grammatico
1003 2126 1142 2182 aliquo,
1171 2129 1246 2183 qui,
1273 2129 1376 2184 quod
1403 2144 1495 2171 con—

151 2204 227 2239 stat
251 2197 446 2239 interdum
473 2198 617 2237 sactum
644 2211 742 2246 esse,
768 2198 935 2253 ingenua
962 2198 1128 2253 quadam
1152 2199 1311 2239 audacia
1336 2214 1386 2241 ex
1403 2202 1496 2256 ipsis

150 2270 299 2312 Horatii
340 2268 466 2309 verbis
492 2269 530 2310 id
558 2270 683 2324 ipsum
711 2267 850 2309 elicere
884 2269 1090 2318 studuerit,
1126 2284 1206 2325 quo
1234 2270 1282 2311 ad
1310 2272 1496 2329 interpre-

149 2342 306 2383 tandum
332 2341 463 2383 locum
491 2355 589 2396 opus
615 2340 821 2381 videretur.
876 2342 927 2381 At
944 2342 976 2381 is
995 2347 1134 2389 tamen,
1162 2356 1395 2399 quocunque
1413 2346 1495 2385 iure

149 2420 229 2454 tam
256 2413 493 2455 confidenter
520 2412 673 2454 locutus
693 2417 762 2460 est,
790 2413 1001 2453 rectissime
1016 2413 1214 2463 intellexit,
1234 2416 1325 2471 quid
1344 2417 1494 2471 potissi-

149 2500 255 2526 mum
291 2485 560 2541 explicandum
603 2490 720 2526 esset:
762 2484 984 2540 significavit
1021 2486 1140 2536 enim,
1182 2487 1319 2543 quibus
1352 2487 1495 2528 artibus
