1669 2839
819 107 881 152 90

155 218 256 258 inter
283 222 492 273 &amque
516 230 626 272 spem
654 231 869 272 suspensus
893 221 1065 266 tenetur,
1098 218 1151 257 ita
1173 222 1217 257 ut
1243 199 1363 259 mbdo
1387 220 1429 260 in
1453 233 1514 260 aa·-

120 310 123 312 ·
156 290 326 342 pientiae
351 290 485 328 studiis
512 290 792 342 conquiescere
808 290 974 336 studeat,
1001 290 1118 329 modo
1138 289 1333 330 relabatur
1350 291 1401 331 ad
1420 303 1514 345 que·-

158 360 259 400 telas
279 361 330 400 de
350 345 479 400 reruin
507 374 669 399 suarum
693 360 880 399 tenuitate
904 365 970 399 aut
989 366 1094 399 certe
1114 361 1394 401 mediocritate:
1421 376 1515 402 eon-

158 436 235 470 stat
261 431 373 477 enim,
403 432 640 485 paupertatis
674 430 910 470 vocabulum
951 446 1069 484 quam
1105 431 1181 471 late
1209 437 1351 485 pateat.
1403 432 1514 483 Quae

157 513 278 556 quum
296 502 348 541 ita
367 502 452 550 sint,
481 516 559 542 non
588 502 859 551 dubitabimus,
886 503 979 557 quin
993 516 1132 557 magna
1159 503 1307 544 ridendi
1334 505 1514 543 materies

156 574 195 612 in
223 572 327 612 Iccio
350 574 490 622 fuerin
529 574 642 613 foeda
670 574 780 614 illum
816 575 975 614 avaritia
1011 573 1209 614 laborasse
1243 574 1515 628 abiectumque

156 643 353 684 hominem
396 645 513 684 [uisse
554 645 803 699 negabimus,
849 660 976 699 neque
1013 646 1247 685 imitabimur
1287 658 1515 699 perversum

157 716 399 770 quorundam
429 729 590 764 morem,
617 718 684 771 qui
701 716 850 781 Horatii
877 717 1025 756 amicos
1053 718 1103 756 ita
1132 717 1364 765 describunt,
1391 723 1437 756 ut
1452 717 1514 757 alii

158 788 330 829 Catones
358 789 479 828 fuisse
506 789 720 836 videantur,
746 788 809 827 alii
838 788 1038 830 Catilinae.
1092 788 1219 835 Haec,
1248 790 1319 828 etsi
1344 789 1514 829 inaudita

157 874 236 900 non
262 865 362 908 sunt,
391 873 439 899 eo
458 865 589 900 tamen
603 859 772 900 ‘consilio
800 860 995 914 copiosius
1024 861 1285 914 exposuimus,
1326 866 1371 900 ut
1400 860 1513 901 intel-

155 933 356 988 ligeretur,
399 934 524 972 omnia
555 934 702 987 optime
727 933 826 972 inter
854 946 898 971 se
929 931 1138 972 cohaerere
1165 939 1348 987 recteque
1376 945 1513 987 proce-

157 1005 270 1052 dere,
306 1004 379 1043 nisi
419 1005 588 1059 permira
626 1004 693 1044 illa
720 1005 915 1060 Agrippae
949 1006 1267 1046 commemoratio
1295 1005 1511 1045 accederet.

157 1077 371 1117 Videamus
410 1078 500 1130 quid
540 1078 723 1116 traditum
762 1078 811 1116 sit
837 1091 859 1115 a
896 1077 1103 1117 veteribus.
1160 1077 1375 1130 Porphyrio
1416 1076 1513 1115 haec

155 1149 292 1189 habet:
319 1148 397 1202 ‘hic
424 1152 555 1187 autem
583 1146 704 1187 {ocius
729 1153 958 1201 procurator
976 1149 1169 1204 Agrippae
1194 1153 1253 1187 est
1272 1148 1513 1196 constitutus,

157 1223 219 1261 cui
247 1235 384 1275 agrum
412 1234 526 1259 suum
555 1220 866 1259 commendavit?
918 1222 1049 1261 Acron
1091 1221 1293 1274 epistolam
1331 1221 1512 1274 scriptam

157 1293 249 1333 dicit
285 1291 350 1346 ‘ad
380 1290 522 1330 lccium
559 1296 853 1345 procuratorem
882 1293 1076 1348 Agrippae
1102 1293 1141 1332 in
1168 1290 1299 1332 Sicilia
1326 1292 1513 1332 constitu-

157 1364 268 1412 tum',
310 1377 409 1417 quae
449 1364 585 1402 eadem
622 1351 786 1403 totidem
813 1365 943 1403 verbis
980 1365 1083 1417 apud
1111 1364 1378 1417 Cruquianum
1405 1359 1536 1402 coms

157 1440 413 1475 mentatorem
439 1433 631 1489 leguntur.
677 1433 755 1474 lam
776 1435 868 1489 quid
894 1433 1112 1475 habemus?
1139 1439 1428 1489 procuratorem
1447 1434 1513 1488 qui

157 1508 388 1546 admonetur
418 1506 465 1545 ab
493 1507 633 1553 amico,
650 1512 694 1545 ut
713 1512 818 1545 recte
834 1507 977 1545 domini
1005 1507 1193 1546 fructibus
1211 1512 1350 1554 utatur,
1378 1521 1425 1545 re
1436 1511 1510 1546 cte

154 1579 327 1632 inquam,
355 1591 476 1632 quum
492 1582 688 1632 appareat,
713 1576 751 1616 id
770 1590 848 1616 non
869 1579 1041 1631 potuisse
1067 1577 1162 1625 fieri,
1187 1578 1258 1617 nisi
1280 1590 1350 1633 per
1367 1578 1511 1617 furtum

155 1657 273 1705 atque
307 1651 493 1689 fraudem.
548 1649 783 1703 Procurator
803 1632 937 1697 ‘enim,
980 1651 1051 1690 etsi
1092 1649 1221 1704 paullo
1262 1650 1461 1689 honestius
1488 1662 1510 1689 a

156 1724 312 1767 domino
357 1721 593 1762 tractabatur
626 1736 743 1777 quam
783 1721 935 1762 villicus
962 1744 1013 1753 -—-
1035 1721 1287 1763 mandabatur
1325 1734 1510 1776 procura-

156 1795 318 1842 toribus,
356 1793 493 1834 villicis
519 1793 784 1846 imperabatur
814 1794 913 1844 (Cic.
936 1795 984 1834 de
1011 1807 1065 1833 or.
1079 1793 1104 1833 1.
1120 1794 1187 1845 58)
1202 1814 1253 1823 -—·
1278 1793 1510 1833 hoc-tamen

156 1873 305 1908 etcum
324 1865 453 1905 villico
474 1870 513 1905 et
537 1878 629 1904 cum
654 1870 734 1905 tota
762 1865 905 1906 familia
932 1867 1074 1905 rustica
1102 1878 1308 1905 commune
1333 1864 1511 1912 habebat,

155 1940 275 1994 quod,
302 1952 424 1991 quum
448 1937 592 1994 domini
619 1938 785 1977 vicarius
813 1942 930 1983 esset,
955 1942 1062 1976 totus
1079 1937 1274 1991 pendebat
1292 1949 1343 1976 ex
1367 1936 1512 1975 domini

154 2017 262 2058 nutu,
290 2023 441 2063 suaque
467 2009 648 2048 mercede
673 2014 848 2063 accepta,
872 2009 1023 2049 reditus
1048 2021 1191 2048 omnes*
1202 2008 1359 2048 domino
1383 2007 1510 2050 trade·-

155 2083 233 2122 bat.
287 2082 391 2131 Quid
429 2081 535 2135 quod
575 2085 872 2135 procuratorum
913 2080 1037 2120 officia
1074 2085 1111 2120 et
1144 2080 1388 2119 dominorum
1426 2079 1510 2118 iura

155 2159 272 2208 atque
300 2151 502 2208 privilegia
529 2153 582 2191 ita
610 2153 709 2193 inter
736 2167 779 2193 se
798 2152 992 2208 descripta
1019 2154 1186 2200 fuerunt,
1212 2155 1254 2191 ut
1272 2149 1511 2206 philosophis

157 2226 273 2265 etiam
312 2225 399 2265 suis,
421 2225 740 2279 disputationfius
768 2224 949 2279 exempla
983 2225 1073 2265 inde
1108 2225 1228 2279 petita
1265 2225 1511 2278 interponere

155 2296 318 2337 licuerit.
364 2298 422 2336 lta
440 2296 490 2337 M.
509 2297 694 2336 Annaeus
713 2290 916 2337 Semeca'in
935 2296 1076 2344 libello,
1105 2297 1154 2337 de
1182 2296 1375 2336 brevitate
1398 2295 1511 2342 vitae,

156 2381 278 2424 quum
305 2368 569 2409 demonstrare
585 2368 679 2417 vult,
697 2369 844 2408 versari
868 2368 1044 2409 homines
1062 2368 1102 2407 in
1121 2369 1303 2408 continua
1331 2379 1511 2406 curarum

158 2446 197 2479 et
218 2439 520 2480 sollicitudinum
536 2442 647 2487 serie,
675 2454 802 2494 neque
828 2454 998 2494 unquam
1018 2440 1134 2493 plane
1152 2440 1275 2486 otiari,
1300 2439 1376 2477 hoc
1395 2440 1510 2477 etiam

156 2512 264 2565 ponit
292 2525 326 2552 c,
355 2513 421 2551 17:
462 2512 693 2564 ⁴alienorum
735 2511 925 2551 bonorum
960 2512 1199 2551 mercenaria
1241 2511 1512 2563 procuratione
