1669 2839
145 193 216 242 liis,
251 206 349 251 quas
376 198 529 241 vocant,
565 180 826 232 describendis
868 194 1007 231 versati
1050 194 1134 240 sint,
1172 191 1382 231 dummodo
1410 204 1500 245 pro-

144 262 264 305 babili
283 264 449 313 *scientia
478 265 649 318 instructi
677 263 829 311 suerint,
856 262 942 317 plus
957 263 1037 302 fere
1058 263 1277 316 profecisse,
1303 275 1422 316 quam
1438 263 1497 302 in·

129 319 434 390 *geniosissimos
467 340 583 387 atque
625 334 859 387 antiquitatis
898 334 1150 387 peritissimos
1194 333 1388 381 homines,
1432 334 1496 386 qui

147 411 294 445 certam
321 406 424 445 viam
452 404 598 444 nullam
627 405 751 443 secuti
778 404 895 442 modo
922 417 1073 443 summa
1094 418 1271 458 quaeque
1291 404 1496 458 attigerint,

148 477 263 516 modo
300 475 524 529 longissime
553 489 573 514 a
602 489 696 517 vero
733 475 1011 514 aberraverint:
1054 474 1164 513 multi
1202 475 1250 514 dc
1285 476 1389 514 omni
1422 475 1498 514 hoc

147 547 390 587 coniectandi
430 545 588 585 artificio
628 546 792 599 iniquius
832 546 1002 585 iudicare
1036 545 1172 585 solent.
1225 545 1374 595 Quodsi
1413 545 1498 598 quis

146 619 247 659 idem
277 619 324 658 de
351 616 499 656 Horatii
528 615 795 655 emendatione
823 622 976 663 statuat,
1002 618 1034 656 is
1054 631 1169 671 quam
1197 630 1380 670 perverse
1409 621 1498 670 agat

148 689 260 729 facile
296 687 549 728 demonstrari
585 691 725 739 potest.
774 686 875 726 Nam
900 689 924 726 ii
958 687 1106 726 Horatii
1133 687 1235 734 libri,
1277 687 1342 740 qui
1372 685 1497 725 adhuc

147 765 364 813 supersunt,
383 744 545 797 *tantum
572 770 648 796 non
678 770 812 796 omncs
833 781 881 786 —
901 758 991 797 licet
1018 759 1119 797 enim
1148 757 1277 811 paullo
1301 756 1496 796 confiden-

146 831 221 868 tius
249 829 419 868 iudicare
446 832 534 881 post
562 827 684 866 editas
712 826 843 866 Caroli
872 827 1072 867 Kirchneri
1101 841 1223 867 novas
1252 827 1496 880 quaestiones

147 899 388 946 Horatianas,
417 912 494 952 quo
522 899 559 938 in
587 896 715 937 libello
744 897 976 937 clarissimus
1004 900 1061 938 vir
1089 899 1362 952 quinquaginta
1391 898 1497 938 codi-

148 983 214 1010 ces
249 975 429 1010 accurate
463 969 663 1022 descripsit
689 990 740 996 —
768 973 834 1007 aut
869 969 958 1008 mali
991 974 1058 1008 aut
1096 968 1309 1008 mediocres
1344 968 1494 1007 dicendi

146 1045 252 1086 sunt,
292 1054 411 1092 quum
453 1053 595 1091 nequer
619 1040 756 1093 insigni
797 1045 989 1079 vetustate
1024 1040 1343 1079 commendentur
1369 1051 1495 1091 neque

145 1109 248 1150 ullus
268 1123 402 1150 eorum
421 1109 724 1164 interpolationis
744 1110 915 1164 vestigiis
942 1124 1072 1150 carere
1093 1109 1283 1149 videatur:
1312 1109 1378 1163 qui
1395 1120 1495 1148 unus

147 1182 320 1224 omnium
347 1183 527 1236 optimuS,
555 1183 632 1222 imo
653 1182 717 1236 qui
736 1182 842 1221 solus
861 1182 975 1222 valde
991 1182 1116 1222 bonus
1143 1183 1222 1229 fuit,
1249 1179 1493 1220 Blandinium

147 1253 455 1306 antiquissimum
481 1253 576 1291 tristi
603 1252 714 1293 clade
741 1253 990 1307 absumptum
1010 1267 1097 1292 esse
1116 1257 1277 1292 constat.
1320 1252 1377 1290 Ac
1396 1250 1494 1290 bene

148 1337 242 1365 sane
267 1323 471 1364 nobiscum
497 1329 628 1363 actum
655 1328 724 1370 est,
752 1323 856 1377 quod
883 1323 948 1363 ille
974 1325 1107 1377 paucis
1134 1329 1223 1362 ante
1242 1323 1396 1362 fatalem
1415 1322 1494 1362 cla-

146 1394 236 1435 dem
254 1395 377 1435 nnnis
409 1395 448 1435 in
475 1393 602 1434 lacobi
628 1393 790 1447 Cruquii
822 1407 958 1434 manus
990 1395 1137 1442 incidit,
1180 1395 1284 1434 docti
1311 1407 1357 1434 ac
1383 1393 1492 1434 labo-

147 1465 239 1504 riosi
265 1464 448 1513 hominis,
490 1466 599 1505 cuius
633 1460 1039 1519 diligentia‘effectum
1067 1471 1143 1513 est,
1184 1471 1225 1504 ut
1250 1479 1328 1505 non
1362 1466 1494 1519 paucis

145 1536 254 1585 locis,
281 1536 373 1590 quid
399 1537 437 1576 in
465 1535 531 1577 illo
559 1536 745 1590 scriptum
772 1536 884 1575 suerit
911 1541 1016 1575 certo
1044 1538 1228 1576 sciamus:
1262 1541 1302 1575 at
1328 1540 1493 1590 quantu-

144 1607 226 1648 lum
252 1608 291 1648 id
318 1612 377 1647 est
396 1621 443 1648 eo
467 1609 505 1647 in
525 1607 633 1655 libro,
661 1607 726 1660 qui
752 1612 856 1646 totus
884 1620 973 1646 aere
1001 1606 1063 1646 vel
1090 1608 1191 1661 typis
1218 1606 1494 1647 exscribendus
1563 1630 1570 1640 ι

143 1750 359 1796 stantiores,
384 1749 609 1803 dign'nsunt
632 1747 761 1789 habiti.
816 1748 926 1798 Quae
953 1763 1071 1802 quum
1097 1749 1150 1789 ita
1177 1750 1262 1796 sint,
1290 1748 1394 1789 nulla
1422 1761 1492 1788 un-

143 1834 260 1874 quam
287 1819 479 1873 diligentia
505 1820 545 1859 in
571 1818 770 1860 codicibus
798 1819 861 1859 vel
888 1820 1130 1860 conferendis
1156 1819 1219 1860 vel
1246 1818 1492 1873 disponendis

139 1890 499 1932 adhibita‘tantum
540 1889 699 1938 valebit,
743 1896 786 1930 ut
813 1905 864 1931 ex
896 1892 987 1931 artis
1020 1892 1236 1944 praeceptis
1271 1904 1315 1929 ea
1349 1890 1490 1944 ubique

140 1962 329 2016 scriptura
355 1960 527 2013 indagari
552 1962 685 2013 possit,
713 1975 829 2015 quam
849 1967 932 2001 tuto
951 1962 1199 2001 Horatianam
1227 1962 1350 2000 dicas:
1375 1961 1490 2014 idque

137 2034 305 2073 sensisse
345 2030 499 2070 videtur
532 2030 583 2078 is,
626 2032 690 2084 qui
728 2031 844 2086 longe
879 2034 1065 2087 plurimos
1099 2032 1217 2072 libros
1245 2033 1490 2087 examinavit,

136 2103 384 2149 Kirchnerus,
412 2115 458 2141 ac
486 2102 698 2142 sentiemus
724 2115 871 2153 omnes,
905 2105 935 2142 si
963 2103 1116 2157 quando
1145 2103 1394 2149 ediderihille
1417 2103 1488 2146 ου’·

136 2176 343 2229 piosiorem
371 2173 418 2214 de
450 2173 627 2215 codicum
653 2174 803 2215 familiis
829 2176 1213 2223 commentationem,
1259 2189 1376 2229 quam
1402 2173 1486 2230 pol·

136 2245 262 2286 licitus
302 2251 361 2285 est
402 2259 444 2285 se
473 2245 804 2357 editurffi'esse.
836 2246 989 2299 ,ltaque
1027 2252 1234 2300 postquam
1259 2245 1485 2287 Blandinius
1522 2303 1527 2308 .

609 2330 634 2356 u

133 2316 230 2356 liber
256 2317 377 2369 periit,
405 2329 494 2369 ‘nos
521 2314 606 2357 ru'rs
747 2316 1121 2382 bellupresorbens
1141 2316 1240 2356 unda
1263 2316 1484 2359 fretistulit

132 2386 357 2426 aestuosis’:
384 2388 609 2429 ceruenim
629 2377 880 2441 fimdamento
898 2388 1070 2428 destituti
1098 2393 1164 2428 aut
1191 2387 1480 2442 desperabimus

131 2459 180 2498 de
200 2456 350 2497 Horatii
374 2456 507 2504 salute,
534 2464 600 2497 aut
623 2472 708 2499 eam
728 2459 830 2498 viam
851 2458 1120 2512 ingrediemur,
1150 2473 1248 2512 quae
1276 2458 1357 2498 sola
1379 2471 1481 2499 nunc
1520 2501 1526 2506 ,
1567 2447 1570 2449 ’
