1669 2839
767 47 785 60 Α

759 66 816 112 31

115 183 381 225 correctorem:
393 177 556 230 linxisse⁴⁴
574 179 776 225 existimo,·
793 177 1006 225 Horatium,
1032 190 1109 230 quo
1138 178 1290 232 gravius
1309 183 1458 216 notaret

114 236 267 291 foeda-m
294 250 458 291 hominis
476 251 606 297 vitam,
632 250 684 290 ita
712 250 873 290 coniicio
901 250 1120 305 scripsisse:

481 327 483 329 ’
537 335 625 375 age,
637 322 994 375 'piot-stramentis
1019 321 1176 361 incubet
1203 320 1303 359 udis

268 396 463 450 octoginta
490 391 851 449 annbsjnatu‘s‚..cui
878 392 1046 448 stragula
1073 394 1192 434 vestis

266 464 471 504 blatta'rum
498 478 555 517 ae·
570 452 756 506 tiffiarum
783 464 921 517 epulae
947 470 1142 517 putrescat
1166 466 1203 503 in
1231 477 1337 503 arca:

268 537 454 586 nimirum.
473 521 643 576 insanu?
654 536 789 591 paucis
815 535 1000 575 videatur.

116 608 154 648 ln
181 608 398 647 stramentis
425 614 512 647 non2
536 606 812 661 minus'quam
840 607 879 646 in
909 607 1021 646 [oeno
1062 605 1200 645 sedulo
1241 607 1457 645 cavendum

114 693 211 729 esse,
226 695 289 721 vne
307 680 509 727 humorem
537 679 775 726 contrahant,
794 692 912 732 quum
939 677 1043 718 nulla
1062 691 1105 717 re
1124 676 1271 717 facilius
1286 692 1457 717 corrum-

113 758 263 807 pantur,
290 757 423 792 notum
451 756 521 799 est,
540 751 714 805 ideoque
741 755 960 797 stramenta,
986 763 1136 802 ‘mense
1160 750 1332 802 Augusto
1360 749 1457 787 intra

46 840 87 873 ὅτ,
113 822 581 879 diestriginfflsubla'tae
620 823 755 862 messis
795 823 984 875 praecisa,
1025 822 1064 861 in
1090 835 1272 861 acervum
1310 822 1456 861 exstrui

53 884 57 889 ,
82 940 85 943 ,
114 894 270 936 debere’
294 895 481 949 praecipit
501 893 725 934 Columella
753 894 802 933 de
829 907 870 932 re
897 898 989 932 rust.
1016 892 1083 932 Vl.
1111 893 1145 931 3.

217 966 341 1006 Venio
363 967 411 1005 ad
433 966 579 1013 locum,
608 967 673 1018 qui
692 965 878 1018 quamvis,
894 964 1002 1003 multi
1025 967 1062 1004 in
1085 977 1130 1002 eo
1154 964 1216 1002 vel
1233 964 1457 1017 explicando

115 1038 177 1078 vel
204 1037 442 1078 emendando
470 1035 678 1075 laborarint
697 1050 719 1075 a
736 1034 1039 1089 prudentissimis
1065 1040 1193 1074 tamen
1213 1035 1327 1073 etiam
1356 1048 1458 1075 nunc

108 1123 184 1163 -pro
213 1109 417 1162 desperato
446 1107 577 1147 haberi
605 1107 714 1154 solet,
742 1120 857 1145 carm.
886 1105 941 1146 ΙΙΙ.
969 1108 1006 1145 4.
1034 1109 1059 1145 9
1087 1121 1187 1160 sqq:

269 1193 330 1219 me
358 1178 555 1218 fabulosae
583 1178 745 1219 Volture
772 1179 809 1216 in
838 1177 964 1231 Apulo

269 1251 409 1290 altricis
437 1255 545 1290 extra
573 1250 688 1289 limen
716 1248 877 1302 Apuliae

267 1322 357 1360 ludo
387 1322 661 1374 fatigatumque
689 1333 824 1358 somno

204 1428 210 1431 .
268 1392 402 1432 fronde
424 1405 524 1431 nova
552 1405 714 1444 puerum
741 1388 942 1443 palumbes

268 1468 411 1502 texere.

117 1536 173 1573 Ac
202 1533 292 1573 mihi
330 1534 484 1587 quidem
512 1534 560 1573 de
596 1539 677 1573 toto
710 1533 785 1573 hoc
819 1533 906 1572 loco
934 1532 1153 1581 Bentleius,
1194 1535 1343 1573 etiamsi
1382 1548 1459 1575 non

116 1604 276 1659 probem
303 1605 426 1659 ipsam
455 1606 536 1646 eius
564 1606 843 1653 coniecturam,
872 1610 951 1645 tam
979 1604 1176 1659 praeclare
1205 1606 1355 1645 videtur
1383 1607 1458 1646 dis-

115 1678 300 1725 seruisse,
341 1682 384 1716 ut
410 1691 531 1731 pauca
560 1678 608 1716 ad
635 1678 717 1716 eius
751 1677 1052 1731 disputationem
1073 1677 1161 1716 addi
1188 1692 1302 1730 posse
1330 1680 1460 1718 existi-

116 1762 273 1796 marem,
287 1749 357 1788 nisi
373 1747 553 1789 nonnulla
574 1762 625 1787 ex
643 1762 688 1788 ea
707 1748 921 1803 improbata
936 1753 1064 1787 essent
1079 1762 1100 1786 a
1117 1748 1344 1802 quibusdam
1363 1751 1461 1790 inter

115 1821 349 1859 recentiores
365 1822 603 1874 interpretes,
645 1820 785 1859 Ordior
811 1821 858 1859 ab
888 1834 933 1859 eo
955 1826 1201 1873 argumento,
1229 1823 1331 1873 quod
1346 1824 1458 1861 mire-

115 1892 166 1930 ris
181 1905 202 1931 a
220 1891 394 1932 Bentleio
411 1893 533 1931 omitti
550 1892 740 1946 potuisse:
769 1890 950 1945 Apulus
969 1892 1069 1930 enim
1085 1895 1122 1928 et
1139 1890 1309 1942 Apulia
1337 1907 1457 1946 quum

116 1968 267 2001 constet
294 1977 488 2015 nunquam
524 1964 647 2001 efferri
675 1964 723 2001 ab
752 1964 911 2001 Horatio
948 1964 1016 2000 nisi
1045 1964 1168 2014 prima
1196 1962 1344 2013 syllaba
1370 1979 1460 2017 pro-

115 2032 240 2080 ducta,
268 2046 403 2087 parum
431 2045 532 2087 sane⁴
550 2031 730 2073 credibile
759 2037 827 2081 est,
857 2046 946 2072 eum
965 2046 1041 2072 uno
1061 2031 1242 2073 hocloco
1262 2047 1286 2073 a
1303 2042 1459 2091 recepta

115 2104 236 2144 semel
263 2105 537 2144 consuetudine
548 2118 793 2144 recessurum
813 2106 941 2144 fuisse.
979 2105 1101 2145 Cuius
1129 2110 1344 2160 argumenti
1372 2123 1459 2162 gra-

114 2175 274 2219 vitatem
300 2176 366 2230 qui
393 2181 608 2218 extenuare,
631 2176 874 2224 studuerunt,
908 2177 945 2216 in
974 2175 1103 2215 multis
1131 2177 1346 2218 nominibus
1375 2194 1464 2233 pro-

115 2248 205 2298 priis
233 2246 465 2300 syllabarum
494 2250 746 2300 quantitatem
775 2262 911 2301 parum
930 2253 1075 2287 certam
1096 2263 1141 2289 ac
1161 2250 1354 2290 definitam
1375 2266 1461 2291 esse

114 2316 350 2367 dictitarunt‚
392 2318 552 2373 eiusque
578 2318 755 2360 licentiae
784 2318 929 2375 aliquot
956 2318 1134 2374 exempla
1171 2330 1460 2376 congesserunt.

115 2390 166 2428 At
191 2391 264 2430 ista
290 2391 446 2442 quidem
475 2391 760 2430 demonstrandi
795 2392 941 2429 ratione
974 2391 1065 2430 nihil
1100 2391 1279 2440 efficitur,
1321 2397 1391 2434 nisi
1419 2403 1461 2434 ut

115 2471 382 2513 agnoscamuS,
410 2458 486 2499 tale
501 2460 591 2515 quid
612 2461 735 2500 sorta
749 2473 823 2499 sse
847 2459 925 2500 fieri
949 2461 1171 2516 potuisse
1201 2462 1316 2502 etiam
1333 2466 1370 2504 in
1386 2465 1459 2504 alio
