<?xml version="1.0" encoding="UTF-8"?>
<!DOCTYPE html PUBLIC "-//W3C//DTD XHTML 1.0 Transitional//EN"
    "http://www.w3.org/TR/xhtml1/DTD/xhtml1-transitional.dtd">
<html xmlns="http://www.w3.org/1999/xhtml" xml:lang="en" lang="en">
 <head>
  <title>
</title>
<meta http-equiv="Content-Type" content="text/html;charset=utf-8" />
  <meta name='ocr-system' content='tesseract 3.04.00' />
  <meta name='ocr-capabilities' content='ocr_page ocr_carea ocr_par ocr_line ocrx_word'/>
</head>
<body>
  <div class='ocr_page' id='page_1' title='image "./4738087_0109.png"; bbox 0 0 1669 2839; ppageno 0'>
   <div class='ocr_carea' id='block_1_1' title="bbox 800 100 955 172">
    <p class='ocr_par' dir='ltr' id='par_1_1' title="bbox 800 100 955 172">
     <span class='ocr_line' id='line_1_1' title="bbox 800 100 955 172; baseline 0 -69"><span class='ocrx_word' id='word_1_1' title='bbox 800 100 955 172; x_wconf 58' lang='lat' dir='ltr'>no.</span> 
     </span>
    </p>
   </div>
   <div class='ocr_carea' id='block_1_2' title="bbox 114 216 1547 2596">
    <p class='ocr_par' dir='ltr' id='par_1_2' title="bbox 114 216 1547 2596">
     <span class='ocr_line' id='line_1_2' title="bbox 183 216 1523 288; baseline 0.004 -30"><span class='ocrx_word' id='word_1_2' title='bbox 183 218 367 267; x_wconf 51' lang='lat' dir='ltr'>deberent</span> <span class='ocrx_word' id='word_1_3' title='bbox 391 219 476 265; x_wconf 57' lang='lat' dir='ltr'>eius</span> <span class='ocrx_word' id='word_1_4' title='bbox 502 231 594 262; x_wconf 80' lang='lat' dir='ltr'>usus</span> <span class='ocrx_word' id='word_1_5' title='bbox 627 217 729 273; x_wconf 72' lang='lat' dir='ltr'>opud</span> <span class='ocrx_word' id='word_1_6' title='bbox 751 216 934 264; x_wconf 74' lang='lat' dir='ltr'>Latinos</span> <span class='ocrx_word' id='word_1_7' title='bbox 948 218 1171 288; x_wconf 72' lang='lat' dir='ltr'><strong>scriptores</strong></span> <span class='ocrx_word' id='word_1_8' title='bbox 1181 217 1364 274; x_wconf 69' lang='lat' dir='ltr'>exempla</span> <span class='ocrx_word' id='word_1_9' title='bbox 1384 218 1523 274; x_wconf 65' lang='lat' dir='ltr'>super·</span> 
     </span>
     <span class='ocr_line' id='line_1_3' title="bbox 184 290 1523 358; baseline -0.001 -27"><span class='ocrx_word' id='word_1_10' title='bbox 184 293 287 341; x_wconf 65' lang='lat' dir='ltr'>esse,-</span> <span class='ocrx_word' id='word_1_11' title='bbox 315 304 411 348; x_wconf 72' lang='lat' dir='ltr'>quos</span> <span class='ocrx_word' id='word_1_12' title='bbox 436 291 475 330; x_wconf 86' lang='lat' dir='ltr'>in</span> <span class='ocrx_word' id='word_1_13' title='bbox 501 290 774 348; x_wconf 72' lang='lat' dir='ltr'>grammaticae</span> <span class='ocrx_word' id='word_1_14' title='bbox 798 292 891 332; x_wconf 80' lang='lat' dir='ltr'>artis</span> <span class='ocrx_word' id='word_1_15' title='bbox 918 292 1088 333; x_wconf 74' lang='lat' dir='ltr'>terminis</span> <span class='ocrx_word' id='word_1_16' title='bbox 1111 290 1344 358; x_wconf 65' lang='lat' dir='ltr'>plerumque,</span> <span class='ocrx_word' id='word_1_17' title='bbox 1399 292 1523 356; x_wconf 63' lang='lat' dir='ltr'>moos</span> 
     </span>
     <span class='ocr_line' id='line_1_4' title="bbox 184 354 1526 419; baseline -0.004 -8"><span class='ocrx_word' id='word_1_18' title='bbox 184 371 337 411; x_wconf 80' lang='lat' dir='ltr'>secutos</span> <span class='ocrx_word' id='word_1_19' title='bbox 357 377 442 408; x_wconf 80' lang='lat' dir='ltr'>esse</span> <span class='ocrx_word' id='word_1_20' title='bbox 455 369 617 406; x_wconf 83' lang='lat' dir='ltr'>constat</span> <span class='ocrx_word' id='word_1_21' title='bbox 644 361 842 407; x_wconf 84' lang='lat' dir='ltr'>Eiusmodi</span> <span class='ocrx_word' id='word_1_22' title='bbox 858 368 986 407; x_wconf 84' lang='lat' dir='ltr'>autem</span> <span class='ocrx_word' id='word_1_23' title='bbox 1001 362 1219 419; x_wconf 82' lang='lat' dir='ltr'>exemplum</span> <span class='ocrx_word' id='word_1_24' title='bbox 1234 360 1314 406; x_wconf 79' lang='lat' dir='ltr'>null</span> <span class='ocrx_word' id='word_1_25' title='bbox 1471 354 1526 412; x_wconf 55' lang='lat' dir='ltr'>ug</span> 
     </span>
     <span class='ocr_line' id='line_1_5' title="bbox 185 427 1523 494; baseline -0.001 -17"><span class='ocrx_word' id='word_1_26' title='bbox 185 438 231 482; x_wconf 76' lang='lat' dir='ltr'>ab</span> <span class='ocrx_word' id='word_1_27' title='bbox 249 436 331 482; x_wconf 82' lang='lat' dir='ltr'>aliis</span> <span class='ocrx_word' id='word_1_28' title='bbox 359 435 517 482; x_wconf 80' lang='lat' dir='ltr'>allatum</span> <span class='ocrx_word' id='word_1_29' title='bbox 534 436 660 485; x_wconf 87' lang='lat' dir='ltr'>video,</span> <span class='ocrx_word' id='word_1_30' title='bbox 680 449 807 491; x_wconf 88' lang='lat' dir='ltr'>neque</span> <span class='ocrx_word' id='word_1_31' title='bbox 828 450 851 475; x_wconf 89' lang='lat' dir='ltr'>a</span> <span class='ocrx_word' id='word_1_32' title='bbox 875 438 1035 494; x_wconf 80' lang='lat' dir='ltr'>meipso</span> <span class='ocrx_word' id='word_1_33' title='bbox 1061 438 1258 482; x_wconf 79' lang='lat' dir='ltr'>inventum</span> <span class='ocrx_word' id='word_1_34' title='bbox 1286 441 1354 489; x_wconf 70' lang='lat' dir='ltr'>est-</span> <span class='ocrx_word' id='word_1_35' title='bbox 1396 427 1523 486; x_wconf 65' lang='grc' dir='ltr'><strong>νοπο</strong></span> 
     </span>
     <span class='ocr_line' id='line_1_6' title="bbox 185 492 1547 566; baseline 0.003 -17"><span class='ocrx_word' id='word_1_36' title='bbox 185 512 286 557; x_wconf 75' lang='lat' dir='ltr'>enim</span> <span class='ocrx_word' id='word_1_37' title='bbox 311 524 427 565; x_wconf 72' lang='lat' dir='ltr'>quam</span> <span class='ocrx_word' id='word_1_38' title='bbox 453 511 723 564; x_wconf 79' lang='lat' dir='ltr'><strong>cognationem</strong></span> <span class='ocrx_word' id='word_1_39' title='bbox 749 508 957 554; x_wconf 82' lang='lat' dir='ltr'>verborum</span> <span class='ocrx_word' id='word_1_40' title='bbox 991 509 1158 566; x_wconf 79' lang='lat' dir='ltr'>appellat</span> <span class='ocrx_word' id='word_1_41' title='bbox 1185 492 1233 552; x_wconf 83' lang='lat' dir='ltr'>de</span> <span class='ocrx_word' id='word_1_42' title='bbox 1259 508 1283 553; x_wconf 83' lang='grc' dir='ltr'>Ι</span> <span class='ocrx_word' id='word_1_43' title='bbox 1312 507 1395 554; x_wconf 78' lang='lat' dir='ltr'>Lat</span> <span class='ocrx_word' id='word_1_44' title='bbox 1417 505 1470 554; x_wconf 81' lang='lat' dir='ltr'>V·</span> <span class='ocrx_word' id='word_1_45' title='bbox 1489 509 1547 557; x_wconf 46' lang='lat' dir='ltr'>lif</span> 
     </span>
     <span class='ocr_line' id='line_1_7' title="bbox 185 580 1521 638; baseline 0 -14"><span class='ocrx_word' id='word_1_46' title='bbox 185 584 286 630; x_wconf 78' lang='lat' dir='ltr'>eain</span> <span class='ocrx_word' id='word_1_47' title='bbox 305 581 395 625; x_wconf 87' lang='lat' dir='ltr'>solis</span> <span class='ocrx_word' id='word_1_48' title='bbox 421 580 573 630; x_wconf 81' lang='lat' dir='ltr'>verbis&#39;</span> <span class='ocrx_word' id='word_1_49' title='bbox 564 581 609 622; x_wconf 79' lang='lat' dir='ltr'>iis</span> <span class='ocrx_word' id='word_1_50' title='bbox 628 582 803 630; x_wconf 86' lang='lat' dir='ltr'>cernitur,</span> <span class='ocrx_word' id='word_1_51' title='bbox 831 595 930 637; x_wconf 84' lang='lat' dir='ltr'>quae</span> <span class='ocrx_word' id='word_1_52' title='bbox 958 581 1005 623; x_wconf 83' lang='lat' dir='ltr'>ab</span> <span class='ocrx_word' id='word_1_53' title='bbox 1032 582 1171 638; x_wconf 81' lang='lat' dir='ltr'>eodem</span> <span class='ocrx_word' id='word_1_54' title='bbox 1197 583 1374 637; x_wconf 81' lang='lat' dir='ltr'>primario</span> <span class='ocrx_word' id='word_1_55' title='bbox 1401 580 1521 625; x_wconf 63' lang='lat' dir='ltr'>verbo</span> 
     </span>
     <span class='ocr_line' id='line_1_8' title="bbox 186 648 1524 713; baseline -0.003 -16"><span class='ocrx_word' id='word_1_56' title='bbox 186 656 375 704; x_wconf 76' lang='lat' dir='ltr'>declinata</span> <span class='ocrx_word' id='word_1_57' title='bbox 390 660 489 699; x_wconf 80' lang='lat' dir='ltr'>sunt.</span> <span class='ocrx_word' id='word_1_58' title='bbox 532 653 786 705; x_wconf 77' lang='lat' dir='ltr'><strong>Quintilianus</strong></span> <span class='ocrx_word' id='word_1_59' title='bbox 799 669 966 713; x_wconf 72' lang='lat' dir='ltr'>quoque,</span> <span class='ocrx_word' id='word_1_60' title='bbox 992 648 1094 700; x_wconf 79' lang='lat' dir='ltr'>haud</span> <span class='ocrx_word' id='word_1_61' title='bbox 1119 649 1357 711; x_wconf 73' lang='lat' dir='ltr'>spernendus</span> <span class='ocrx_word' id='word_1_62' title='bbox 1377 658 1524 702; x_wconf 80' lang='lat' dir='ltr'>auctor,</span> 
     </span>
     <span class='ocr_line' id='line_1_9' title="bbox 185 725 1524 791; baseline -0.001 -22"><span class='ocrx_word' id='word_1_63' title='bbox 185 734 223 769; x_wconf 88' lang='lat' dir='ltr'>et</span> <span class='ocrx_word' id='word_1_64' title='bbox 249 729 331 783; x_wconf 89' lang='lat' dir='ltr'>ipse</span> <span class='ocrx_word' id='word_1_65' title='bbox 358 727 549 791; x_wconf 79' lang='lat' dir='ltr'>aliquanto</span> <span class='ocrx_word' id='word_1_66' title='bbox 590 725 698 771; x_wconf 82' lang='lat' dir='ltr'>aliter</span> <span class='ocrx_word' id='word_1_67' title='bbox 725 726 909 782; x_wconf 86' lang='lat' dir='ltr'>loquitur,</span> <span class='ocrx_word' id='word_1_68' title='bbox 938 733 977 768; x_wconf 85' lang='lat' dir='ltr'>et</span> <span class='ocrx_word' id='word_1_69' title='bbox 1004 727 1098 771; x_wconf 77' lang='lat' dir='ltr'>alios</span> <span class='ocrx_word' id='word_1_70' title='bbox 1135 728 1248 769; x_wconf 84' lang='lat' dir='ltr'>etiam</span> <span class='ocrx_word' id='word_1_71' title='bbox 1275 727 1382 783; x_wconf 73' lang='lat' dir='ltr'>loqui¹</span> <span class='ocrx_word' id='word_1_72' title='bbox 1407 726 1524 781; x_wconf 75' lang='lat' dir='ltr'>signi-</span> 
     </span>
     <span class='ocr_line' id='line_1_10' title="bbox 183 797 1523 856; baseline -0.002 -15"><span class='ocrx_word' id='word_1_73' title='bbox 183 801 272 842; x_wconf 88' lang='lat' dir='ltr'>ficat</span> <span class='ocrx_word' id='word_1_74' title='bbox 298 800 373 847; x_wconf 84' lang='lat' dir='ltr'>hoc</span> <span class='ocrx_word' id='word_1_75' title='bbox 399 799 486 844; x_wconf 83' lang='lat' dir='ltr'>loco</span> <span class='ocrx_word' id='word_1_76' title='bbox 514 797 698 842; x_wconf 85' lang='lat'>1549:</span> <span class='ocrx_word' id='word_1_77' title='bbox 737 813 842 853; x_wconf 86' lang='lat' dir='ltr'>nam</span> <span class='ocrx_word' id='word_1_78' title='bbox 868 806 956 841; x_wconf 91' lang='lat' dir='ltr'>sunt</span> <span class='ocrx_word' id='word_1_79' title='bbox 994 801 1186 856; x_wconf 75' lang='lat' dir='ltr'>quaedam</span> <span class='ocrx_word' id='word_1_80' title='bbox 1215 805 1446 856; x_wconf 76' lang='lat' dir='ltr'>cognata,</span> <span class='ocrx_word' id='word_1_81' title='bbox 1480 804 1523 838; x_wconf 92' lang='lat' dir='ltr'>ut</span> 
     </span>
     <span class='ocr_line' id='line_1_11' title="bbox 185 872 1523 930; baseline -0.003 -15"><span class='ocrx_word' id='word_1_82' title='bbox 185 874 332 923; x_wconf 83' lang='lat' dir='ltr'>dicunt,</span> <span class='ocrx_word' id='word_1_83' title='bbox 373 872 411 917; x_wconf 90' lang='lat' dir='ltr'>id</span> <span class='ocrx_word' id='word_1_84' title='bbox 439 877 498 914; x_wconf 90' lang='lat' dir='ltr'>est</span> <span class='ocrx_word' id='word_1_85' title='bbox 524 872 696 922; x_wconf 75' lang='lat' dir='ltr'>eiusdem</span> <span class='ocrx_word' id='word_1_86' title='bbox 724 873 891 929; x_wconf 76' lang='lat' dir='ltr'>generis,</span> <span class='ocrx_word' id='word_1_87' title='bbox 919 874 956 915; x_wconf 90' lang='lat' dir='ltr'>in</span> <span class='ocrx_word' id='word_1_88' title='bbox 982 873 1136 930; x_wconf 80' lang='lat' dir='ltr'>quibus,</span> <span class='ocrx_word' id='word_1_89' title='bbox 1176 874 1241 929; x_wconf 89' lang='lat' dir='ltr'>qui</span> <span class='ocrx_word' id='word_1_90' title='bbox 1272 872 1367 916; x_wconf 75' lang='lat' dir='ltr'>alia</span> <span class='ocrx_word' id='word_1_91' title='bbox 1382 872 1523 927; x_wconf 85' lang='lat' dir='ltr'>specie,</span> 
     </span>
     <span class='ocr_line' id='line_1_12' title="bbox 185 948 1522 1003; baseline 0.001 -17"><span class='ocrx_word' id='word_1_92' title='bbox 185 960 300 1001; x_wconf 81' lang='lat' dir='ltr'>quam</span> <span class='ocrx_word' id='word_1_93' title='bbox 328 951 491 1000; x_wconf 85' lang='lat' dir='ltr'><strong>oportet,</strong></span> <span class='ocrx_word' id='word_1_94' title='bbox 528 952 665 994; x_wconf 85' lang='lat' dir='ltr'>utetur,</span> <span class='ocrx_word' id='word_1_95' title='bbox 692 960 769 987; x_wconf 88' lang='lat' dir='ltr'>non</span> <span class='ocrx_word' id='word_1_96' title='bbox 795 948 920 990; x_wconf 84' lang='lat' dir='ltr'>minus</span> <span class='ocrx_word' id='word_1_97' title='bbox 948 961 1063 1002; x_wconf 85' lang='lat' dir='ltr'>quam</span> <span class='ocrx_word' id='word_1_98' title='bbox 1088 948 1172 1002; x_wconf 82' lang='lat' dir='ltr'>ipso</span> <span class='ocrx_word' id='word_1_99' title='bbox 1198 955 1342 1003; x_wconf 80' lang='lat' dir='ltr'>genere</span> <span class='ocrx_word' id='word_1_100' title='bbox 1367 958 1522 1001; x_wconf 56' lang='lat' dir='ltr'>permit*</span> 
     </span>
     <span class='ocr_line' id='line_1_13' title="bbox 183 1015 1528 1077; baseline -0.001 -20"><span class='ocrx_word' id='word_1_101' title='bbox 183 1024 264 1058; x_wconf 85' lang='lat' dir='ltr'>tato</span> <span class='ocrx_word' id='word_1_102' title='bbox 293 1017 502 1073; x_wconf 83' lang='lat' dir='ltr'><strong>deliquerit.</strong></span> <span class='ocrx_word' id='word_1_103' title='bbox 556 1033 646 1063; x_wconf 79' lang='lat' dir='ltr'>nam</span> <span class='ocrx_word' id='word_1_104' title='bbox 665 1024 703 1058; x_wconf 89' lang='lat' dir='ltr'>et</span> <span class='ocrx_word' id='word_1_105' title='bbox 730 1032 785 1063; x_wconf 82' lang='lat' dir='ltr'>an</span> <span class='ocrx_word' id='word_1_106' title='bbox 813 1024 852 1058; x_wconf 90' lang='lat' dir='ltr'>et</span> <span class='ocrx_word' id='word_1_107' title='bbox 877 1020 1270 1077; x_wconf 23' lang='lat' dir='ltr'>aut&#39;coniunctiones</span> <span class='ocrx_word' id='word_1_108' title='bbox 1289 1023 1394 1067; x_wconf 78' lang='lat' dir='ltr'>sunt3</span> <span class='ocrx_word' id='word_1_109' title='bbox 1421 1015 1528 1057; x_wconf 51' lang='lat' dir='ltr'>male*</span> 
     </span>
     <span class='ocr_line' id='line_1_14' title="bbox 185 1089 1519 1145; baseline -0.001 -15"><span class='ocrx_word' id='word_1_110' title='bbox 185 1095 313 1131; x_wconf 84' lang='lat' dir='ltr'>tamen</span> <span class='ocrx_word' id='word_1_111' title='bbox 340 1090 571 1145; x_wconf 82' lang='lat' dir='ltr'>interroges:</span> <span class='ocrx_word' id='word_1_112' title='bbox 598 1090 660 1132; x_wconf 84' lang='lat' dir='ltr'>hic</span> <span class='ocrx_word' id='word_1_113' title='bbox 688 1096 765 1132; x_wconf 83' lang='lat' dir='ltr'>aut</span> <span class='ocrx_word' id='word_1_114' title='bbox 792 1090 855 1134; x_wconf 80' lang='lat' dir='ltr'>ille</span> <span class='ocrx_word' id='word_1_115' title='bbox 882 1090 958 1133; x_wconf 83' lang='lat' dir='ltr'>sit?</span> <span class='ocrx_word' id='word_1_116' title='bbox 986 1097 1024 1132; x_wconf 89' lang='lat' dir='ltr'>et</span> <span class='ocrx_word' id='word_1_117' title='bbox 1050 1105 1104 1133; x_wconf 90' lang='lat' dir='ltr'>ne</span> <span class='ocrx_word' id='word_1_118' title='bbox 1131 1104 1177 1132; x_wconf 81' lang='lat' dir='ltr'>ac</span> <span class='ocrx_word' id='word_1_119' title='bbox 1204 1104 1292 1131; x_wconf 89' lang='lat' dir='ltr'>non</span> <span class='ocrx_word' id='word_1_120' title='bbox 1319 1089 1519 1139; x_wconf 82' lang='lat' dir='ltr'>adverbia3</span> 
     </span>
     <span class='ocr_line' id='line_1_15' title="bbox 184 1154 1520 1219; baseline -0.001 -17"><span class='ocrx_word' id='word_1_121' title='bbox 184 1164 249 1219; x_wconf 91' lang='lat' dir='ltr'>qui</span> <span class='ocrx_word' id='word_1_122' title='bbox 268 1168 406 1204; x_wconf 62' lang='lat' dir='ltr'>‘tamen</span> <span class='ocrx_word' id='word_1_123' title='bbox 447 1162 548 1202; x_wconf 89' lang='lat' dir='ltr'>dicat</span> <span class='ocrx_word' id='word_1_124' title='bbox 581 1176 651 1217; x_wconf 89' lang='lat' dir='ltr'>pro</span> <span class='ocrx_word' id='word_1_125' title='bbox 684 1162 772 1203; x_wconf 91' lang='lat' dir='ltr'>illo:</span> <span class='ocrx_word' id='word_1_126' title='bbox 812 1171 868 1204; x_wconf 89' lang='lat' dir='ltr'>ne</span> <span class='ocrx_word' id='word_1_127' title='bbox 895 1165 1087 1204; x_wconf 79' lang='lat' dir='ltr'>feceris:</span> <span class='ocrx_word' id='word_1_128' title='bbox 1126 1154 1216 1206; x_wconf 84' lang='lat' dir='ltr'>non</span> <span class='ocrx_word' id='word_1_129' title='bbox 1250 1163 1442 1210; x_wconf 73' lang='lat' dir='ltr'>feceris,</span> <span class='ocrx_word' id='word_1_130' title='bbox 1482 1163 1520 1201; x_wconf 90' lang='lat' dir='ltr'>in</span> 
     </span>
     <span class='ocr_line' id='line_1_16' title="bbox 182 1234 1520 1292; baseline -0.001 -17"><span class='ocrx_word' id='word_1_131' title='bbox 182 1235 286 1275; x_wconf 89' lang='lat' dir='ltr'>idem</span> <span class='ocrx_word' id='word_1_132' title='bbox 311 1234 453 1276; x_wconf 87' lang='lat' dir='ltr'>incidat</span> <span class='ocrx_word' id='word_1_133' title='bbox 478 1236 631 1284; x_wconf 87' lang='lat' dir='ltr'>vitium,</span> <span class='ocrx_word' id='word_1_134' title='bbox 658 1237 746 1290; x_wconf 85' lang='lat' dir='ltr'>quia</span> <span class='ocrx_word' id='word_1_135' title='bbox 775 1235 938 1277; x_wconf 87' lang='lat' dir='ltr'>alterum</span> <span class='ocrx_word' id='word_1_136' title='bbox 964 1236 1128 1292; x_wconf 86' lang='lat' dir='ltr'>negandi</span> <span class='ocrx_word' id='word_1_137' title='bbox 1155 1240 1229 1283; x_wconf 88' lang='lat' dir='ltr'>est,</span> <span class='ocrx_word' id='word_1_138' title='bbox 1265 1234 1427 1276; x_wconf 84' lang='lat' dir='ltr'>alterum</span> <span class='ocrx_word' id='word_1_139' title='bbox 1453 1248 1520 1274; x_wconf 89' lang='lat' dir='ltr'>ve-</span> 
     </span>
     <span class='ocr_line' id='line_1_17' title="bbox 184 1305 1519 1365; baseline -0.001 -19"><span class='ocrx_word' id='word_1_140' title='bbox 184 1306 299 1355; x_wconf 79' lang='lat' dir='ltr'>tandi,</span> <span class='ocrx_word' id='word_1_141' title='bbox 324 1305 399 1357; x_wconf 81' lang='lat' dir='ltr'>hoc</span> <span class='ocrx_word' id='word_1_142' title='bbox 426 1306 588 1361; x_wconf 83' lang='lat' dir='ltr'>amplius</span> <span class='ocrx_word' id='word_1_143' title='bbox 614 1309 740 1348; x_wconf 90' lang='lat' dir='ltr'>intro</span> <span class='ocrx_word' id='word_1_144' title='bbox 770 1313 809 1348; x_wconf 90' lang='lat' dir='ltr'>et</span> <span class='ocrx_word' id='word_1_145' title='bbox 836 1309 962 1354; x_wconf 83' lang='lat' dir='ltr'>intus</span> <span class='ocrx_word' id='word_1_146' title='bbox 988 1308 1064 1349; x_wconf 84' lang='lat' dir='ltr'>loci</span> <span class='ocrx_word' id='word_1_147' title='bbox 1082 1307 1284 1365; x_wconf 81' lang='lat' dir='ltr'>adverbia3</span> <span class='ocrx_word' id='word_1_148' title='bbox 1313 1320 1365 1346; x_wconf 91' lang='lat' dir='ltr'>eo</span> <span class='ocrx_word' id='word_1_149' title='bbox 1391 1311 1519 1346; x_wconf 82' lang='lat' dir='ltr'>tamen</span> 
     </span>
     <span class='ocr_line' id='line_1_18' title="bbox 183 1378 1520 1430; baseline -0.005 -6"><span class='ocrx_word' id='word_1_150' title='bbox 183 1380 314 1423; x_wconf 78' lang='lat' dir='ltr'>intus</span> <span class='ocrx_word' id='word_1_151' title='bbox 342 1384 380 1420; x_wconf 76' lang='lat' dir='ltr'>et</span> <span class='ocrx_word' id='word_1_152' title='bbox 406 1380 531 1419; x_wconf 77' lang='lat' dir='ltr'>intro</span> <span class='ocrx_word' id='word_1_153' title='bbox 560 1393 660 1424; x_wconf 82' lang='lat' dir='ltr'>sum</span> <span class='ocrx_word' id='word_1_154' title='bbox 698 1379 915 1430; x_wconf 75' lang='lat' dir='ltr'>soloecismi</span> <span class='ocrx_word' id='word_1_155' title='bbox 956 1386 1055 1422; x_wconf 87' lang='lat' dir='ltr'>sunt.</span> <span class='ocrx_word' id='word_1_156' title='bbox 1083 1380 1219 1428; x_wconf 85' lang='lat' dir='ltr'>eadem</span> <span class='ocrx_word' id='word_1_157' title='bbox 1244 1379 1283 1420; x_wconf 91' lang='lat' dir='ltr'>in</span> <span class='ocrx_word' id='word_1_158' title='bbox 1303 1378 1520 1423; x_wconf 79' lang='lat' dir='ltr'>diversitate</span> 
     </span>
     <span class='ocr_line' id='line_1_19' title="bbox 183 1449 1520 1508; baseline -0.002 -17"><span class='ocrx_word' id='word_1_159' title='bbox 183 1452 463 1507; x_wconf 86' lang='lat' dir='ltr'>pronominum,</span> <span class='ocrx_word' id='word_1_160' title='bbox 480 1452 796 1501; x_wconf 79' lang='lat' dir='ltr'>interiectionum‚</span> <span class='ocrx_word' id='word_1_161' title='bbox 822 1454 1147 1508; x_wconf 79' lang='lat' dir='ltr'>praepositionum</span> <span class='ocrx_word' id='word_1_162' title='bbox 1165 1451 1363 1494; x_wconf 65' lang='lat' dir='ltr'>accidunt?</span> <span class='ocrx_word' id='word_1_163' title='bbox 1402 1449 1520 1491; x_wconf 88' lang='lat' dir='ltr'>Vides</span> 
     </span>
     <span class='ocr_line' id='line_1_20' title="bbox 182 1522 1521 1580; baseline 0.001 -17"><span class='ocrx_word' id='word_1_164' title='bbox 182 1523 279 1567; x_wconf 76' lang='lat' dir='ltr'>haec</span> <span class='ocrx_word' id='word_1_165' title='bbox 306 1525 433 1566; x_wconf 88' lang='lat' dir='ltr'>omnia</span> <span class='ocrx_word' id='word_1_166' title='bbox 461 1538 507 1564; x_wconf 90' lang='lat' dir='ltr'>eo</span> <span class='ocrx_word' id='word_1_167' title='bbox 536 1530 727 1579; x_wconf 86' lang='lat' dir='ltr'>spectare,</span> <span class='ocrx_word' id='word_1_168' title='bbox 755 1531 798 1565; x_wconf 90' lang='lat' dir='ltr'>ut</span> <span class='ocrx_word' id='word_1_169' title='bbox 825 1527 966 1567; x_wconf 85' lang='lat' dir='ltr'>vitetur</span> <span class='ocrx_word' id='word_1_170' title='bbox 992 1527 1046 1580; x_wconf 47' lang='lat' dir='ltr'>‘in</span> <span class='ocrx_word' id='word_1_171' title='bbox 1073 1526 1241 1571; x_wconf 79' lang='lat' dir='ltr'>oratione</span> <span class='ocrx_word' id='word_1_172' title='bbox 1269 1522 1521 1579; x_wconf 79' lang='lat' dir='ltr'>comprehen-</span> 
     </span>
     <span class='ocr_line' id='line_1_21' title="bbox 183 1596 1521 1653; baseline -0.004 -13"><span class='ocrx_word' id='word_1_173' title='bbox 183 1596 300 1640; x_wconf 79' lang='lat' dir='ltr'>sionis</span> <span class='ocrx_word' id='word_1_174' title='bbox 339 1596 449 1638; x_wconf 89' lang='lat' dir='ltr'>unius</span> <span class='ocrx_word' id='word_1_175' title='bbox 485 1599 726 1651; x_wconf 85' lang='lat' dir='ltr'>sequentium</span> <span class='ocrx_word' id='word_1_176' title='bbox 760 1611 805 1638; x_wconf 90' lang='lat' dir='ltr'>ac</span> <span class='ocrx_word' id='word_1_177' title='bbox 833 1599 1004 1653; x_wconf 82' lang='lat' dir='ltr'>priorum</span> <span class='ocrx_word' id='word_1_178' title='bbox 1038 1598 1135 1637; x_wconf 87' lang='lat' dir='ltr'>inter</span> <span class='ocrx_word' id='word_1_179' title='bbox 1174 1611 1216 1637; x_wconf 90' lang='lat' dir='ltr'>se</span> <span class='ocrx_word' id='word_1_180' title='bbox 1248 1596 1521 1639; x_wconf 85' lang='lat' dir='ltr'>inconveniens</span> 
     </span>
     <span class='ocr_line' id='line_1_22' title="bbox 182 1652 1520 1725; baseline 0.002 -19"><span class='ocrx_word' id='word_1_181' title='bbox 182 1668 350 1722; x_wconf 88' lang='lat' dir='ltr'>positio&#39;‚</span> <span class='ocrx_word' id='word_1_182' title='bbox 378 1681 499 1722; x_wconf 87' lang='lat' dir='ltr'>eaque</span> <span class='ocrx_word' id='word_1_183' title='bbox 512 1670 704 1711; x_wconf 82' lang='lat' dir='ltr'>vocabula</span> <span class='ocrx_word' id='word_1_184' title='bbox 729 1676 934 1725; x_wconf 83' lang='lat' dir='ltr'>cognata</span> <span class='ocrx_word' id='word_1_185' title='bbox 962 1671 1046 1719; x_wconf 90' lang='lat' dir='ltr'>dici,</span> <span class='ocrx_word' id='word_1_186' title='bbox 1070 1685 1169 1724; x_wconf 85' lang='lat' dir='ltr'>quae</span> <span class='ocrx_word' id='word_1_187' title='bbox 1185 1671 1224 1710; x_wconf 91' lang='lat' dir='ltr'>in</span> <span class='ocrx_word' id='word_1_188' title='bbox 1244 1652 1379 1712; x_wconf 83' lang='lat' dir='ltr'>eadem</span> <span class='ocrx_word' id='word_1_189' title='bbox 1397 1668 1520 1710; x_wconf 81' lang='lat' dir='ltr'>classe</span> 
     </span>
     <span class='ocr_line' id='line_1_23' title="bbox 182 1726 1520 1796; baseline 0.002 -15"><span class='ocrx_word' id='word_1_190' title='bbox 182 1753 204 1781; x_wconf 89' lang='lat' dir='ltr'>a</span> <span class='ocrx_word' id='word_1_191' title='bbox 229 1726 489 1795; x_wconf 82' lang='lat' dir='ltr'>grammaticis</span> <span class='ocrx_word' id='word_1_192' title='bbox 515 1741 606 1796; x_wconf 91' lang='lat' dir='ltr'>poni</span> <span class='ocrx_word' id='word_1_193' title='bbox 632 1741 773 1784; x_wconf 83' lang='lat' dir='ltr'>solent:</span> <span class='ocrx_word' id='word_1_194' title='bbox 812 1742 921 1783; x_wconf 84' lang='lat' dir='ltr'>vides</span> <span class='ocrx_word' id='word_1_195' title='bbox 948 1743 1062 1782; x_wconf 84' lang='lat' dir='ltr'>etiam</span> <span class='ocrx_word' id='word_1_196' title='bbox 1096 1745 1374 1782; x_wconf 82' lang='lat' dir='ltr'>commotam</span> <span class='ocrx_word' id='word_1_197' title='bbox 1401 1752 1520 1783; x_wconf 84' lang='lat' dir='ltr'>men-</span> 
     </span>
     <span class='ocr_line' id='line_1_24' title="bbox 181 1813 1520 1869; baseline 0 -17"><span class='ocrx_word' id='word_1_198' title='bbox 181 1818 272 1858; x_wconf 81' lang='lat' dir='ltr'>tem</span> <span class='ocrx_word' id='word_1_199' title='bbox 300 1818 415 1867; x_wconf 86' lang='lat' dir='ltr'>atque</span> <span class='ocrx_word' id='word_1_200' title='bbox 441 1813 599 1865; x_wconf 88' lang='lat' dir='ltr'>scelus</span> <span class='ocrx_word' id='word_1_201' title='bbox 626 1814 813 1854; x_wconf 89' lang='lat' dir='ltr'>eiusmodi</span> <span class='ocrx_word' id='word_1_202' title='bbox 840 1815 1069 1869; x_wconf 78' lang='lat' dir='ltr'>cognatione</span> <span class='ocrx_word' id='word_1_203' title='bbox 1095 1813 1199 1855; x_wconf 77' lang='lat' dir='ltr'>nulla</span> <span class='ocrx_word' id='word_1_204' title='bbox 1224 1814 1323 1858; x_wconf 83' lang='lat' dir='ltr'>inter</span> <span class='ocrx_word' id='word_1_205' title='bbox 1339 1827 1383 1856; x_wconf 79' lang='lat' dir='ltr'>se</span> <span class='ocrx_word' id='word_1_206' title='bbox 1400 1825 1520 1867; x_wconf 87' lang='lat' dir='ltr'>copu-</span> 
     </span>
     <span class='ocr_line' id='line_1_25' title="bbox 180 1880 1518 1947; baseline -0.001 -21"><span class='ocrx_word' id='word_1_207' title='bbox 180 1884 257 1928; x_wconf 83' lang='lat' dir='ltr'>lata</span> <span class='ocrx_word' id='word_1_208' title='bbox 285 1899 381 1932; x_wconf 86' lang='lat' dir='ltr'>esse.</span> <span class='ocrx_word' id='word_1_209' title='bbox 435 1884 549 1947; x_wconf 66' lang='lat' dir='ltr'>Quod</span> <span class='ocrx_word' id='word_1_210' title='bbox 576 1887 607 1927; x_wconf 93' lang='lat' dir='ltr'>si</span> <span class='ocrx_word' id='word_1_211' title='bbox 633 1886 717 1942; x_wconf 85' lang='lat' dir='ltr'>quis</span> <span class='ocrx_word' id='word_1_212' title='bbox 738 1880 884 1927; x_wconf 82' lang='lat' dir='ltr'>tantum</span> <span class='ocrx_word' id='word_1_213' title='bbox 904 1885 1014 1928; x_wconf 89' lang='lat' dir='ltr'>nobis</span> <span class='ocrx_word' id='word_1_214' title='bbox 1038 1886 1156 1927; x_wconf 84' lang='lat' dir='ltr'>licere</span> <span class='ocrx_word' id='word_1_215' title='bbox 1183 1886 1388 1934; x_wconf 75' lang='lat' dir='ltr'>existimet,</span> <span class='ocrx_word' id='word_1_216' title='bbox 1415 1889 1469 1933; x_wconf 84' lang='lat' dir='ltr'>ut,</span> <span class='ocrx_word' id='word_1_217' title='bbox 1496 1898 1518 1924; x_wconf 85' lang='lat' dir='ltr'>a</span> 
     </span>
     <span class='ocr_line' id='line_1_26' title="bbox 183 1958 1518 2014; baseline -0.001 -15"><span class='ocrx_word' id='word_1_218' title='bbox 183 1958 403 2010; x_wconf 77' lang='lat' dir='ltr'>Quintiliani</span> <span class='ocrx_word' id='word_1_219' title='bbox 428 1958 516 1998; x_wconf 89' lang='lat' dir='ltr'>loco</span> <span class='ocrx_word' id='word_1_220' title='bbox 545 1960 717 2013; x_wconf 81' lang='lat' dir='ltr'>profecti,</span> <span class='ocrx_word' id='word_1_221' title='bbox 745 1974 814 2013; x_wconf 89' lang='lat' dir='ltr'>per</span> <span class='ocrx_word' id='word_1_222' title='bbox 841 1960 982 2014; x_wconf 81' lang='lat' dir='ltr'>gradus</span> <span class='ocrx_word' id='word_1_223' title='bbox 1011 1962 1215 2008; x_wconf 83' lang='lat' dir='ltr'>enitamur,</span> <span class='ocrx_word' id='word_1_224' title='bbox 1243 1960 1366 2000; x_wconf 89' lang='lat' dir='ltr'>donec</span> <span class='ocrx_word' id='word_1_225' title='bbox 1393 1958 1518 2002; x_wconf 87' lang='lat' dir='ltr'>omnia</span> 
     </span>
     <span class='ocr_line' id='line_1_27' title="bbox 180 2030 1519 2089; baseline -0.003 -15"><span class='ocrx_word' id='word_1_226' title='bbox 180 2030 388 2080; x_wconf 81' lang='lat' dir='ltr'>vocabula,</span> <span class='ocrx_word' id='word_1_227' title='bbox 429 2031 467 2072; x_wconf 90' lang='lat' dir='ltr'>in</span> <span class='ocrx_word' id='word_1_228' title='bbox 496 2030 632 2085; x_wconf 91' lang='lat' dir='ltr'>quibus</span> <span class='ocrx_word' id='word_1_229' title='bbox 667 2031 794 2087; x_wconf 81' lang='lat' dir='ltr'>aliqua</span> <span class='ocrx_word' id='word_1_230' title='bbox 820 2031 1103 2089; x_wconf 84' lang='lat' dir='ltr'>significationis</span> <span class='ocrx_word' id='word_1_231' title='bbox 1131 2031 1336 2076; x_wconf 84' lang='lat' dir='ltr'>similitudo</span> <span class='ocrx_word' id='word_1_232' title='bbox 1363 2042 1519 2084; x_wconf 86' lang='lat' dir='ltr'>compa-</span> 
     </span>
     <span class='ocr_line' id='line_1_28' title="bbox 180 2103 1518 2159; baseline 0.001 -18"><span class='ocrx_word' id='word_1_233' title='bbox 180 2108 282 2150; x_wconf 85' lang='lat' dir='ltr'>reat,</span> <span class='ocrx_word' id='word_1_234' title='bbox 308 2109 469 2157; x_wconf 84' lang='lat' dir='ltr'>cognata</span> <span class='ocrx_word' id='word_1_235' title='bbox 497 2104 686 2144; x_wconf 83' lang='lat' dir='ltr'>dicamus:</span> <span class='ocrx_word' id='word_1_236' title='bbox 728 2106 776 2159; x_wconf 70' lang='lat' dir='ltr'>is,</span> <span class='ocrx_word' id='word_1_237' title='bbox 804 2105 874 2144; x_wconf 89' lang='lat' dir='ltr'>nisi</span> <span class='ocrx_word' id='word_1_238' title='bbox 902 2104 1024 2153; x_wconf 86' lang='lat' dir='ltr'>fallor,</span> <span class='ocrx_word' id='word_1_239' title='bbox 1049 2107 1132 2153; x_wconf 79' lang='lat' dir='ltr'>iure</span> <span class='ocrx_word' id='word_1_240' title='bbox 1158 2110 1287 2146; x_wconf 87' lang='lat' dir='ltr'>utetur</span> <span class='ocrx_word' id='word_1_241' title='bbox 1310 2103 1518 2146; x_wconf 81' lang='lat' dir='ltr'>admodum</span> 
     </span>
     <span class='ocr_line' id='line_1_29' title="bbox 179 2174 1518 2234; baseline -0.002 -16"><span class='ocrx_word' id='word_1_242' title='bbox 179 2177 366 2234; x_wconf 84' lang='lat' dir='ltr'>precario,</span> <span class='ocrx_word' id='word_1_243' title='bbox 395 2182 433 2217; x_wconf 92' lang='lat' dir='ltr'>et</span> <span class='ocrx_word' id='word_1_244' title='bbox 459 2177 507 2218; x_wconf 85' lang='lat' dir='ltr'>ad</span> <span class='ocrx_word' id='word_1_245' title='bbox 533 2181 707 2219; x_wconf 89' lang='lat' dir='ltr'>nostrum</span> <span class='ocrx_word' id='word_1_246' title='bbox 746 2175 875 2218; x_wconf 86' lang='lat' dir='ltr'>locum</span> <span class='ocrx_word' id='word_1_247' title='bbox 900 2176 1228 2233; x_wconf 84' lang='lat' dir='ltr'>interpretandum</span> <span class='ocrx_word' id='word_1_248' title='bbox 1266 2174 1358 2224; x_wconf 86' lang='lat' dir='ltr'>nihil</span> <span class='ocrx_word' id='word_1_249' title='bbox 1390 2180 1518 2222; x_wconf 75' lang='lat' dir='ltr'>tamen</span> 
     </span>
     <span class='ocr_line' id='line_1_30' title="bbox 181 2248 1521 2303; baseline 0 -15"><span class='ocrx_word' id='word_1_250' title='bbox 181 2250 361 2288; x_wconf 86' lang='lat' dir='ltr'>conferet.</span> <span class='ocrx_word' id='word_1_251' title='bbox 413 2248 456 2289; x_wconf 91' lang='lat' dir='ltr'>-ld</span> <span class='ocrx_word' id='word_1_252' title='bbox 484 2251 707 2303; x_wconf 86' lang='lat' dir='ltr'>priusquam</span> <span class='ocrx_word' id='word_1_253' title='bbox 732 2250 786 2288; x_wconf 81' lang='lat' dir='ltr'>ita</span> <span class='ocrx_word' id='word_1_254' title='bbox 825 2263 909 2289; x_wconf 89' lang='lat' dir='ltr'>esse</span> <span class='ocrx_word' id='word_1_255' title='bbox 946 2251 1270 2296; x_wconf 84' lang='lat' dir='ltr'>demonstremus,</span> <span class='ocrx_word' id='word_1_256' title='bbox 1313 2249 1360 2289; x_wconf 89' lang='lat' dir='ltr'>de</span> <span class='ocrx_word' id='word_1_257' title='bbox 1387 2248 1521 2297; x_wconf 82' lang='lat' dir='ltr'>Orellii</span> 
     </span>
     <span class='ocr_line' id='line_1_31' title="bbox 114 2319 1518 2378; baseline -0.001 -18"><span class='ocrx_word' id='word_1_258' title='bbox 114 2337 121 2343; x_wconf 92' lang='lat'><strong>·</strong></span> <span class='ocrx_word' id='word_1_259' title='bbox 181 2322 375 2371; x_wconf 83' lang='lat' dir='ltr'>sententia,</span> <span class='ocrx_word' id='word_1_260' title='bbox 402 2321 533 2377; x_wconf 85' lang='lat' dir='ltr'>paullo</span> <span class='ocrx_word' id='word_1_261' title='bbox 548 2322 671 2376; x_wconf 83' lang='lat' dir='ltr'>magis</span> <span class='ocrx_word' id='word_1_262' title='bbox 698 2320 849 2363; x_wconf 88' lang='lat' dir='ltr'>definita</span> <span class='ocrx_word' id='word_1_263' title='bbox 868 2336 986 2378; x_wconf 85' lang='lat' dir='ltr'>quam</span> <span class='ocrx_word' id='word_1_264' title='bbox 1002 2323 1105 2378; x_wconf 90' lang='lat' dir='ltr'>prior</span> <span class='ocrx_word' id='word_1_265' title='bbox 1122 2321 1196 2370; x_wconf 86' lang='lat' dir='ltr'>illa,</span> <span class='ocrx_word' id='word_1_266' title='bbox 1218 2319 1427 2366; x_wconf 45' lang='lat' dir='ltr'>‚dicendum</span> <span class='ocrx_word' id='word_1_267' title='bbox 1449 2324 1518 2373; x_wconf 85' lang='lat' dir='ltr'>est,</span> 
     </span>
     <span class='ocr_line' id='line_1_32' title="bbox 180 2381 1518 2453; baseline 0.001 -20"><span class='ocrx_word' id='word_1_268' title='bbox 180 2395 245 2453; x_wconf 79' lang='lat' dir='ltr'>qui</span> <span class='ocrx_word' id='word_1_269' title='bbox 272 2401 473 2448; x_wconf 74' lang='lat' dir='ltr'>cognata</span> <span class='ocrx_word' id='word_1_270' title='bbox 502 2410 547 2435; x_wconf 86' lang='lat' dir='ltr'>ea</span> <span class='ocrx_word' id='word_1_271' title='bbox 565 2394 753 2435; x_wconf 81' lang='lat' dir='ltr'>vocabula</span> <span class='ocrx_word' id='word_1_272' title='bbox 779 2395 841 2435; x_wconf 88' lang='lat' dir='ltr'>hic</span> <span class='ocrx_word' id='word_1_273' title='bbox 869 2396 943 2439; x_wconf 83' lang='lat' dir='ltr'>dici</span> <span class='ocrx_word' id='word_1_274' title='bbox 970 2381 1216 2449; x_wconf 74' lang='lat' dir='ltr'>opinabatur,</span> <span class='ocrx_word' id='word_1_275' title='bbox 1234 2408 1332 2448; x_wconf 84' lang='lat' dir='ltr'>quae</span> <span class='ocrx_word' id='word_1_276' title='bbox 1351 2392 1518 2447; x_wconf 82' lang='lat' dir='ltr'>plerum-</span> 
     </span>
     <span class='ocr_line' id='line_1_33' title="bbox 179 2462 1518 2523; baseline -0.001 -15"><span class='ocrx_word' id='word_1_277' title='bbox 179 2481 254 2523; x_wconf 85' lang='lat' dir='ltr'>que</span> <span class='ocrx_word' id='word_1_278' title='bbox 281 2481 303 2507; x_wconf 90' lang='lat' dir='ltr'>a</span> <span class='ocrx_word' id='word_1_279' title='bbox 331 2465 473 2509; x_wconf 72' lang='lat' dir='ltr'>Stoicis.</span> <span class='ocrx_word' id='word_1_280' title='bbox 503 2466 785 2521; x_wconf 89' lang='lat' dir='ltr'>homonyma</span> <span class='ocrx_word' id='word_1_281' title='bbox 820 2467 1048 2509; x_wconf 88' lang='lat' dir='ltr'>dicerentur.</span> <span class='ocrx_word' id='word_1_282' title='bbox 1103 2468 1153 2508; x_wconf 86' lang='lat' dir='ltr'>At</span> <span class='ocrx_word' id='word_1_283' title='bbox 1179 2462 1518 2523; x_wconf 81' lang='lat' dir='ltr'>grammaticorum</span> 
     </span>
     <span class='ocr_line' id='line_1_34' title="bbox 177 2524 1519 2596; baseline -0.001 -16"><span class='ocrx_word' id='word_1_284' title='bbox 177 2539 295 2584; x_wconf 83' lang='lat' dir='ltr'>libros</span> <span class='ocrx_word' id='word_1_285' title='bbox 323 2553 441 2596; x_wconf 88' lang='lat' dir='ltr'>quum</span> <span class='ocrx_word' id='word_1_286' title='bbox 469 2539 693 2588; x_wconf 87' lang='lat' dir='ltr'>evolvimus,</span> <span class='ocrx_word' id='word_1_287' title='bbox 719 2554 769 2579; x_wconf 89' lang='lat' dir='ltr'>ne</span> <span class='ocrx_word' id='word_1_288' title='bbox 787 2540 862 2580; x_wconf 89' lang='lat' dir='ltr'>hoc</span> <span class='ocrx_word' id='word_1_289' title='bbox 888 2540 1043 2594; x_wconf 88' lang='lat' dir='ltr'>quidem</span> <span class='ocrx_word' id='word_1_290' title='bbox 1069 2539 1221 2582; x_wconf 81' lang='lat' dir='ltr'>illorum</span> <span class='ocrx_word' id='word_1_291' title='bbox 1247 2524 1519 2595; x_wconf 77' lang='lat' dir='ltr'>loquendi.usu</span> 
     </span>
    </p>
   </div>
  </div>
 </body>
</html>
