1669 2839
793 63 856 110 56

146 188 280 216 mum.
333 174 388 215 Et
413 181 521 216 recte
550 175 704 229 quidem
732 176 804 214 illi:
845 189 933 215 nam
964 177 1028 229 qui
1056 174 1162 215 solus
1187 175 1288 214 inter
1313 180 1504 229 quotcun-

147 240 223 303 que
245 241 423 288 homines
451 244 616 300 ἄριστος
644 252 713 294 est,
741 248 843 286 idem
872 249 1046 302 profecto
1079 247 1149 286 suo
1176 247 1260 286 iure
1289 243 1311 287 ὅ
1339 244 1505 302 ἔρισι-ος

150 319 418 376 appellabitur.
462 319 570 357 Haec
582 318 768 356 adiectivi
788 332 877 357 cum
898 318 1133 373 superlativo
1154 319 1373 357 coniunctio
1402 319 1504 373 ap‘ud

152 386 337 443 optimum
365 403 560 445 quemque
588 390 815 443 scriptorem
844 395 923 430 tam
951 392 1132 445 frequens
1157 396 1227 439 est,
1254 395 1297 430 ut
1316 390 1504 445 exemplis

149 476 228 502 non
252 463 304 501 sit
331 475 447 516 opus:
488 460 564 501 hoc
598 475 717 502 unum
752 462 982 511 addiderim,
1015 476 1135 517 quum
1169 467 1320 502 constet
1354 462 1504 502 articuli

149 535 314 590 vestigia
342 534 381 575 in
409 533 626 575 Homericis
655 535 888 576 carminibus
916 535 1123 575 admodum
1150 549 1237 575 raro
1266 548 1503 589 comparere,

149 606 309 646 dubium
330 606 420 646 mihi
439 607 573 654 videri,
596 620 643 645 an
658 605 909 646 Homericum
932 620 1088 660 quoque
1106 606 1200 646 illud
1219 605 1337 655 (lliad.
1351 607 1501 658 „243”

149 672 211 726 εἷς
237 676 384 726 οἰωνὸς
411 675 578 732 ἔρισι-ος
606 675 839 729 ἀμύνεσθαι
866 678 962 731 περὶ
989 676 1162 731 πάτρης,
1198 679 1303 732 quod
1341 679 1414 718 alii·
1431 693 1502 733 po-

149 741 231 789 stea
252 750 386 789 imitati
407 754 506 797 sunt,
536 749 675 788 eodem
704 749 819 804 plane
847 750 963 789 modo
993 750 1042 789 sit
1068 749 1350 804 explicandum.
1390 751 1503 803 Quae

92 870 102 882 ,
150 823 198 862 de
226 821 466 876 superlativo
495 822 680 870 diximus,
719 823 855 863 eadem
893 822 941 862 ad
978 824 1279 873 comparativum
1314 830 1501 879 spectant,

86 882 102 894 ⁸*
147 887 212 949 qui
242 894 307 933 ubi
334 895 557 933 adiunctum
590 894 707 934 habet
739 895 833 934 illud
869 895 1119 942 adiectivum,
1157 896 1236 935 vim
1256 898 1502 937 rnanciscitur

147 969 228 1007 l'ere
244 967 420 1014 eandem,
448 981 565 1020 quam
595 966 711 1006 habet
729 968 812 1022 ipse
832 966 1106 1022 superlativus:
1135 969 1277 1008 etenim
1297 970 1373 1024 qui,
1391 984 1500 1010 com-

145 1041 345 1097 pnatione
373 1032 563 1086 instituta,
601 1039 734 1078 solus
772 1038 943 1079 melior
976 1040 1183 1094 reperitur,
1218 1041 1250 1079 is
1286 1044 1426 1082 ceteris
1462 1049 1500 1082 et

146 1113 307 1167 singulis
339 1117 377 1151 et
404 1109 593 1151 universis
622 1117 813 1166 praestat,
841 1126 968 1166 neque
991 1113 1198 1166 quicquam
1228 1118 1297 1161 est,
1326 1127 1395 1153 cur
1422 1128 1499 1154 non

147 1183 169 1227 ὁ
190 1182 359 1239 ὄίριστος
376 1184 537 1224 dicatur.
585 1184 670 1235 Qua
692 1184 875 1239 loquendi
899 1183 1063 1224 formula
1093 1199 1212 1239 quum
1240 1184 1332 1224 nihil
1358 1186 1500 1226 efficia-

144 1263 218 1306 tur,
247 1258 351 1312 quod
379 1271 455 1297 non
484 1257 585 1295 idem
615 1257 741 1310 priore
768 1256 845 1304 illa,
874 1257 923 1297 de
947 1271 1022 1311 qua
1042 1256 1218 1305 diximus,
1249 1256 1346 1297 effici
1366 1259 1498 1312 possit,

144 1344 222 1369 non
251 1335 310 1368 est
337 1329 570 1375 mirandum,
605 1328 677 1367 hac
713 1328 835 1367 multo
871 1330 992 1367 rarius
1027 1342 1119 1367 usos
1158 1342 1244 1369 esse
1278 1331 1498 1384 scriptores,

145 1415 263 1455 quam
291 1400 429 1441 altera:
466 1400 570 1454 apud
598 1399 803 1440 Horatium
830 1414 969 1448 unum,
1007 1405 1192 1453 quantum
1220 1402 1394 1451 memini,
1429 1416 1497 1443 ex-

145 1472 318 1527 emplum
357 1478 415 1512 est
451 1473 562 1527 epod.
594 1473 651 1512 12.
686 1472 729 1520 4,
768 1472 832 1512 ubi
869 1472 973 1527 quod
1015 1487 1151 1512 unum
1194 1487 1237 1512 se
1277 1475 1497 1528 sagacius

144 1546 297 1585 odorari
332 1545 441 1593 dicit,
475 1545 578 1584 idem
605 1544 642 1584 id
671 1550 750 1594 est,
785 1559 830 1584 ac
859 1545 890 1584 si
919 1549 1002 1591 aut,
1032 1545 1182 1584 inversa
1211 1546 1401 1594 oratione,
1429 1560 1496 1586 ne-

141 1618 287 1657 minem
315 1631 358 1657 se
387 1618 563 1672 sagacius
585 1611 740 1655 odorari
761 1617 929 1664 dixisset,
949 1622 1017 1656 aut
1039 1631 1081 1656 se
1099 1631 1221 1656 unum
1239 1618 1277 1657 in
1297 1618 1494 1658 odorando

142 1691 435 1745 sagacissimum
452 1703 557 1738 esse3
578 1690 649 1728 nisi
669 1689 773 1744 quod
795 1690 957 1729 sortasse
977 1690 1232 1744 comparativi
1251 1703 1344 1729 usus
1363 1689 1494 1744 paullo

139 1763 354 1802 modestior
373 1760 586 1800 videbatur.
629 1760 703 1800 Hic
723 1766 853 1799 autem
874 1761 986 1800 locus
1005 1761 1052 1800 de
1072 1758 1309 1815 superlativo
1330 1768 1369 1801 et
1388 1776 1494 1802 com-

137 1834 313 1889 parativo
332 1833 517 1874 latissime
537 1837 661 1888 patet:
689 1831 829 1872 eodem
858 1834 959 1873 enim
987 1834 1181 1888 pertinent
1208 1847 1277 1874 eae
1296 1834 1494 1875 formulae

138 1921 291 1954 omnes,
328 1920 492 1961 quarum
528 1906 566 1944 in
601 1904 881 1958 significatione
916 1905 1059 1959 aliquid
1093 1907 1209 1953 inest,
1251 1907 1354 1960 quod
1389 1907 1492 1946 idem

136 1993 206 2035 per
235 1969 513 2032 superlativum
549 1976 613 2017 vel
650 1973 958 2032 comparativum
996 1977 1125 2017 efferri
1158 1983 1319 2033 poterat.
1377 1978 1492 2032 Quod

136 2052 293 2107 quidem
313 2051 666 2105 frequentissimum
685 2055 744 2089 est
764 2052 800 2089 in
819 2050 960 2099 verbis,
988 2050 1115 2104 qualia
1135 2057 1224 2090 sunt
1244 2065 1490 2105 superare,

136 2121 402 2170 excellere,
437 2120 592 2169 similia,
628 2126 666 2160 at
702 2121 805 2161 idem
842 2122 989 2161 obtinet
1022 2122 1138 2161 etiam
1164 2122 1203 2161 in
1229 2123 1426 2164 adiectivis
1453 2129 1492 2164 et

135 2195 336 2243 adverbiis,
366 2208 466 2249 quae
486 2194 561 2234 tale
581 2195 672 2249 quid
692 2195 923 2248 significant:
952 2200 1057 2235 recte
1079 2195 1194 2250 igitur
1213 2195 1350 2251 aliquis
1369 2209 1489 2236 unus

134 2268 394 2320 praecipue
430 2266 607 2305 floruisse
642 2267 799 2314 dicitur,
836 2272 1018 2322 recteque
1053 2267 1257 2307 Horatium
1295 2268 1387 2307 olim
1422 2268 1491 2308 ad-

133 2339 260 2379 mirati
289 2344 377 2378 sunt
403 2345 463 2392 ‘ut
490 2353 633 2379 unum
662 2338 810 2378 scilicet
837 2341 1019 2394 egregii
1048 2340 1252 2380 mortalem
1275 2339 1420 2394 altique
1439 2341 1489 2380 si-

131 2409 244 2449 lenti'
272 2413 341 2446 sat.
370 2408 410 2447 ll.
439 2412 474 2448 6.
502 2411 564 2449 57.
614 2409 747 2463 ltaque
774 2413 950 2463 quamvis
979 2413 1154 2466 speciosa
1183 2412 1258 2449 sint
1284 2411 1487 2464 quaedam,

131 2496 182 2523 ex
216 2481 294 2522 hoe
330 2481 600 2536 exemplorum
635 2496 779 2538 genere
814 2483 863 2522 ad
897 2482 1033 2524 falsam
1068 2483 1172 2523 illam
1203 2479 1487 2526 distinctionem
