1669 2839
848 80 943 130 21'16

229 194 349 253 puero
383 196 595 252 ‘vapulante
629 196 800 251 ponitur,
840 200 1033 251 perversa‘
1062 208 1108 238 ac
1143 197 1258 253 plane
1297 193 1457 239 ridicula
1496 204 1565 239 est.

231 268 459 311 Prudentius
484 268 599 324 igitur
626 268 810 319 fecerunt,
826 261 902 325 'qui
929 269 1130 311 ediderunt
1154 269 1271 312 haec:
1528 269 1535 280 '

411 342 476 396 qui
503 340 665 380 multum
692 355 788 395 puer
814 347 853 380 et
879 341 969 381 loris
997 348 1034 382 et
1059 343 1212 383 funibus
1239 343 1324 383 udis

408 413 642 461 exhortatus,
669 417 712 452 ut
739 418 841 453 esset
868 426 982 468 opem
1009 429 1075 454 -:
1132 418 1138 424 ¹

228 501 350 542 eaque
383 488 569 541 scriptura
610 486 764 540 egregie
804 485 1047 527 confirmatur
1076 488 1333 528 Bernensibus
1371 485 1567 527 codicibus

229 558 379 601 duobus
406 572 481 599 sec.
500 555 573 599 XII
593 563 632 598 et
649 555 736 598 XIII
763 559 939 607 exaratis,
965 559 1002 599 in
1031 559 1167 615 quibus
1195 546 1445 601 exortatus
1472 558 1566 615 Iegi-

227 638 298 673 tur.
352 631 406 671 Ita
434 644 649 684 oxymoron
673 632 797 670 oritur
816 644 874 679 eo,
903 631 951 671 de
976 646 1052 686 quo
1081 632 1263 680 diximus,
1289 631 1404 686 longe
1431 632 1566 685 aptius,

228 718 346 760 quum
372 705 420 745 sit
457 704 727 760 magistrorum
763 717 904 758 pueros
944 704 1147 747 exhortari.
1192 702 1331 760 Neque
1360 705 1566 760 ‘quisquam

227 777 337 817 facile
364 777 598 831 argumentis
625 766 961 824 demonstraverit,
1000 791 1076 817 non
1104 778 1275 833 potuisse
1303 778 1456 817 omnino
1484 776 1565 817 Ho-

225 850 363 889 ratium
376 849 428 888 ita
457 848 635 897 scribere,
663 849 805 889 nedum
833 850 1124 904 grammaticum
1151 849 1328 904 aliquem,
1360 850 1425 905 qui
1450 849 1566 890 vellet

225 926 379 976 poetam
420 934 552 976 agere:
593 935 656 960 me
691 926 817 961 tamen
842 922 887 960 iis
915 921 1092 961 adsentiri
1124 922 1263 970 fateor,
1304 922 1441 977 quibus
1471 921 1564 962 illud

224 1007 384 1033 acumen
399 994 511 1033 nimis
539 995 754 1048 quaesitum
781 993 942 1041 videtur,
971 1008 1085 1047 quam
1103 999 1144 1033 ut
1161 994 1245 1048 ipso
1264 993 1424 1050 Horatio
1452 994 1564 1048 plane

224 1065 380 1120 dignum
395 1065 453 1104 sit.
489 1065 733 1120 Quamquam
752 1067 867 1121 igitur
890 1079 967 1105 non
987 1070 1113 1119 potest
1141 1067 1233 1106 certi
1264 1052 1468 1121 quicquam
1489 1070 1565 1105 sta-

221 1139 287 1186 tui,
306 1137 528 1192 priusquam
559 1152 601 1177 re
620 1138 746 1178 denuo
768 1142 997 1192 pertractata
1024 1137 1152 1192 paullo
1176 1140 1298 1193 magis
1320 1138 1562 1193 exploratum

224 1212 311 1259 erit,
354 1211 437 1265 quis
464 1208 549 1250 illos
584 1224 719 1250 versus
754 1210 1031 1265 composuerit,
1070 1215 1197 1250 tamen
1227 1210 1317 1265 quid
1344 1216 1383 1251 et
1410 1210 1499 1250 mihi
1525 1212 1562 1251 in

222 1288 391 1323 mentem
431 1284 578 1322 venerit
613 1289 652 1322 et
688 1282 787 1331 aliis,
828 1282 948 1323 semel
989 1296 1010 1322 a
1051 1297 1113 1322 me
1149 1284 1318 1332 monitis,
1361 1297 1562 1338 exponam.

222 1354 374 1395 Etenim
401 1360 508 1395 recte
526 1360 669 1410 negant
684 1356 912 1409 interpretes
927 1354 1008 1394 lora
1029 1360 1067 1394 et
1085 1355 1195 1395 funes
1222 1356 1342 1396 udos
1361 1369 1405 1395 ea
1424 1356 1562 1395 instru-

220 1433 349 1468 menta
377 1429 506 1475 fuisse,
534 1427 672 1482 quibus
700 1426 874 1466 solebant
902 1427 992 1466 olim
1019 1428 1190 1482 magistri
1208 1441 1414 1481 puerorum
1437 1428 1560 1468 studia

223 1493 410 1539 excitare:
437 1500 514 1538 imo
543 1499 606 1538 vel
631 1496 894 1538 illorum'sors
922 1498 1114 1552 aliquanto
1142 1498 1277 1539 melior
1301 1500 1371 1538 fuit
1397 1500 1445 1552 ‘si
1464 1513 1561 1553 quos

221 1571 387 1612 Orbilius
415 1570 571 1611 ferula
599 1571 880 1626 scuticaque
915 1570 1078 1619 cecidit'‚
1120 1585 1235 1626 quem
1261 1570 1420 1611 Domitii
1447 1571 1560 1612 Marsi

219 1658 374 1685 versum
415 1643 624 1685 Suetonius
664 1645 831 1684 servavit
870 1628 1093 1699 gramms9.
1158 1642 1305 1694 Quodsi
1344 1642 1408 1683 ille
1447 1644 1560 1699 plane

220 1717 455 1758 Catonianus
483 1717 665 1771 magister
693 1721 770 1756 tam
799 1721 837 1756 et
864 1729 964 1756 nova
994 1721 1033 1756 et
1059 1714 1239 1755 terribilia
1266 1716 1303 1755 in
1330 1716 1560 1771 castigandis

219 1789 347 1844 puen‘s
373 1788 614 1828 machinatus
641 1792 709 1835 est,
743 1801 940 1842 unumque
980 1800 1311 1841 puerumsaepe
1347 1794 1425 1827 tam
1459 1788 1560 1828 male

217 1860 418 1902 mulcavit:
458 1861 614 1901 fortiore
641 1860 774 1914 utique
801 1859 921 1899 verbo
948 1861 1133 1902 utendum
1159 1860 1246 1908 fuit,
1286 1874 1401 1915 quam
1428 1859 1492 1901 illo
1520 1862 1558 1901 in

216 1947 403 1988 oxymoro
431 1934 557 1988 posito
585 1932 854 1979 exhortari,
897 1932 999 1986 quod
1028 1933 1239 1973 rectissime
1272 1932 1417 1973 dicetur
1443 1934 1557 1973 etiam

216 2005 264 2045 de
283 2019 341 2054 eo,
370 2006 434 2060 qui
461 2018 594 2044 aurem
616 2002 790 2058 discipuli
810 2002 976 2051 vellicet,
1004 2003 1067 2043 vel
1084 2005 1136 2043 ita
1155 2005 1276 2053 feriat,
1304 2009 1413 2044 utne
1431 2005 1557 2059 ipsum

215 2078 370 2134 quidem
404 2079 571 2134 graviter
608 2077 720 2118 irasci
753 2075 954 2132 intelligas.
1008 2075 1140 2131 Itaque
1174 2076 1270 2118 haec
1298 2076 1388 2117 olim
1415 2078 1555 2133 scripta

214 2151 332 2191 fuisse
360 2151 678 2190 existimaverim:

397 2224 461 2278 qui
488 2221 649 2261 multum
678 2234 774 2275 puer
802 2226 841 2260 et
866 2220 958 2260 loris
986 2226 1024 2260 et
1050 2220 1203 2260 funibus
1229 2220 1314 2262 udis

394 2294 691 2341 excoriatus,
719 2298 763 2333 ut
789 2298 903 2342 esset,
932 2306 1045 2347 opem
1074 2293 1136 2347 qui
1165 2293 1263 2333 ferre
1289 2295 1414 2349 poetis

390 2368 555 2422 antiquis
581 2370 724 2421 posset.

204 2435 329 2494 Ipsius
356 2438 549 2488 vocabuli,
592 2437 696 2494 quod
726 2437 943 2493 posuimus,
978 2436 1156 2491 exempla
1187 2444 1391 2493 supersunt
1423 2454 1547 2496 neque

208 2510 328 2551 multa
356 2525 482 2566 neque
505 2510 616 2551 valde
641 2510 807 2563 antiqua,
836 2515 894 2549 est
918 2509 1012 2550 illud
1040 2514 1168 2550 tamen
1189 2510 1241 2550 ita
1260 2511 1477 2559 formatum,
1504 2517 1548 2552 ut
1617 2549 1622 2554 ,
