1669 2839
232 60 316 102 ἙῩ
682 66 706 70 ’“
856 80 945 124 ¹⁴0
1134 65 1144 85 '⁴
1285 69 1296 89 '‘-
1366 81 1384 106 5‘ae
1499 48 1534 101 s
1581 89 1594 105 κ.
1637 68 1649 86 '

225 195 311 238 est,
329 204 447 244 quum
476 189 743 243 aliquemnon
770 190 882 243 plane
912 190 1065 236 brutum
1099 196 1213 245 atque
1248 176 1567 242 exani-dhone
1625 178 1641 229 ¹,

225 263 395 318 ⁴benigne
435 261 579 302 scilicet
621 258 921 316 pronuntiamus.
974 263 1101 318 Ipsum
1141 276 1234 303 vero
1269 262 1463 321 Tibullum
1504 265 1566 305 vel

190 334 330 376 *Ἐεᾶἱ
357 334 535 374 debuisse
563 333 788 373 crediderim
816 334 878 373 tali
907 334 1030 383 laude,
1059 349 1158 389 111133
1177 341 1214 374 et
1231 336 1342 375 nimis
1367 337 1565 378 moderata

231 412 289 447 est
317 412 366 456 et,
393 419 511 460 quum
528 410 618 451 ,tota
648 406 694 445 ad
724 419 767 444 ea
795 407 991 456 referatur,
1020 421 1125 461 111133,
1146 406 1242 447 011111,
1262 407 1410 456 suerint,
1447 422 1566 463 quan·

229 480 318 519 dam
346 478 567 518 mutationis
585 478 622 516 in
642 477 809 517 deterius
837 479 960 517 factae
978 480 1232 533 suspicionem
1261 480 1439 519 continet.
1479 480 1566 521 Hoc

220 555 272 589 ut
285 553 506 596 extenuent,
533 554 747 603 provocant
773 549 943 589 nonnulli
962 550 1009 589 ad
1026 555 1256 605 temporum,
1285 564 1399 604 quam
1424 544 1564 598 dicunt,

228 622 440 678 enallagen,
468 622 520 661 ita
544 627 585 661 ut
612 635 716 661 eras
742 622 844 662 idem
870 621 932 661 hic
950 623 998 661 sit
1026 623 1127 677 quod
1157 636 1222 663 es:
1251 628 1290 662 at
1308 621 1409 662 male
1435 627 1578 663 actum*

227 697 327 754 foret
352 691 564 741 nobiscum,
592 695 623 733 si
645 696 982 749 grammaticorum
1007 693 1153 749 figurae
1172 694 1407 735 adhibendae
1425 700 1563 743 essent,

226 775 269 807 ut
293 767 606 822 intelligeremus,
646 779 717 805 nos
756 779 833 805 non
871 766 969 806 laedi
1007 779 1053 805 ac
1080 766 1213 807 violari
1239 767 1287 807 ab
1314 767 1562 807 amicissimis.

226 840 305 880 lam
324 840 374 879 ad
393 839 669 893 praecedentes
688 852 823 878 versus
842 839 1107 892 respiciamus:
1136 839 1242 893 ⁴quid
1261 852 1363 879 nunc
1380 843 1419 880 te
1439 839 1562 892 dicam

227 914 355 952 facere
381 912 418 951 in
446 912 604 965 regione
630 909 813 950 Padana?
853 909 1038 958 scribere,
1070 910 1175 964 quod
1211 909 1319 950 Cassi
1348 909 1565 950 Parmensis

228 983 414 1039 opuscula
455 982 609 1023 vincat?
649 997 697 1023 an
730 983 887 1023 tacitum
927 982 1043 1023 silvas
1075 983 1184 1024 inter.
1207 988 1358 1039 reptare
1391 982 1564 1023 salubres

226 1061 437 1102 curantem,
463 1055 647 1109 quidquid
671 1054 831 1108 dignum
859 1055 1030 1109 sapiente
1054 1054 1233 1108 bonoque
1252 1052 1354 1094 est?’
1387 1054 1563 1104 Mirarer,

225 1128 258 1168 si
283 1140 361 1169 non
389 1126 546 1168 vidisset
571 1125 770 1174 Horatius,
786 1131 951 1181 ¹praeter
975 1125 1072 1167 haee
1099 1126 1193 1175 11110,
1233 1139 1333 1181 quae
1359 1127 1562 1168 facientem

224 1200 332 1256 fingit
371 1201 555 1247 amicum,
597 1199 677 1238 dari
716 1199 830 1238 etiam
866 1199 1030 1239 tertium.
1081 1197 1182 1239 Nam
1219 1213 1337 1253 quum
1370 1200 1561 1240 neminem

225 1274 317 1312 forev
333 1277 478 1327 putem,
506 1273 582 1326 qui,
610 1272 803 1310 Acronem
829 1276 868 1309 et
885 1269 1189 1325 porphyrionem
1216 1276 1384 1319 secutus,
1410 1272 1561 1312 silvas

224 1344 441 1385 salubres
468 1344 517 1384 de
544 1341 860 1399 philosophorum
886 1341 989 1383 libris
1013 1343 1254 1397 interpretari
1287 1342 1410 1392 malit,
1445 1357 1561 1399 quam

227 1417 275 1457 de
292 1418 338 1457 iis
356 1416 473 1463 silvis,
501 1428 663 1469 quarum
691 1413 849 1468 cupidos
875 1415 993 1455 fuisse
1021 1419 1154 1468 poetas
1182 1420 1221 1455 et
1237 1414 1390 1457 aliunde
1416 1418 1559 1457 scimus

226 1495 265 1530 et
282 1503 334 1529 ex
352 1486 542 1529 Iuvenalis
569 1486 683 1527 satira
697 1485 857 1540 septima
875 1486 925 1536 (v.
940 1485 1006 1535 58)
1027 1485 1313 1541 cognoscimus:
1340 1500 1417 1527 non
1435 1487 1559 1536 video,

222 1574 289 1601 cur
315 1572 392 1599 non
420 1559 590 1612 potuerit
614 1556 791 1596 Tibullus
816 1557 853 1594 in
883 1555 988 1594 silvis
1016 1557 1123 1596 otiari
1159 1570 1278 1609 ‘nunc
1300 1558 1409 1598 viridi
1437 1573 1558 1599 mem-

222 1632 291 1673 bra
319 1631 389 1672 sub
427 1622 582 1670 arbuto⁴
603 1633 760 1675 stratus,
796 1640 897 1667 nunc
925 1627 973 1667 ad
995 1640 1118 1681 aquae
1143 1626 1230 1667 lene
1256 1635 1372 1684 caput
1397 1632 1558 1680 sacrae',

222 1706 276 1746 ita
300 1709 344 1746 ut
372 1703 514 1745 serium
544 1699 637 1743 nihil
663 1704 796 1756 ageret
822 1712 1011 1755 curasque
1038 1700 1086 1741 ad
1113 1714 1229 1742 unam
1253 1714 1387 1742 omnes
1413 1716 1557 1757 ⁴cessa-

222 1785 304 1819 tum
329 1775 509 1818 duceret.'
546 1774 604 1814 Ea
632 1774 772 1828 ingenii
798 1773 970 1814 remissio
999 1774 1142 1829 optime'
1169 1776 1353 1822 convenit*
1374 1776 1557 1818 mollioris

221 1855 380 1891 naturae
419 1846 574 1893 homini,
615 1843 768 1898 qualem
797 1842 992 1885 Tibullum
1029 1846 1146 1885 fuisse
1171 1847 1252 1899 ipsa
1279 1848 1362 1887 eius
1389 1849 1556 1889 carmina

222 1923 504 1964 demonstrant:
545 1931 669 1971 eaque
696 1917 762 1971 qui
797 1917 936 1964 utitur,
971 1922 1076 1958 recte
1117 1923 1245 1971 potest
1284 1932 1440 1974 ⁸corpus
1475 1921 1558 1961 sine

222 1992 396 2048 pectore'
420 1989 614 2045 appellari,
633 2002 752 2043 quum
770 1989 896 2029 solum
913 2002 1054 2042 corpus
1073 1994 1193 2038 curet,
1211 1990 1423 2032 intermissa
1443 1993 1557 2033 animi

222 2065 439 2120 ingeniique
466 2061 625 2102 cultura.
679 2059 735 2100 Ita
762 2062 793 2102 si
818 2074 906 2102 cum
933 2060 1249 2115 praecedentibus
1274 2061 1370 2105 haec
1396 2077 1489 2118 ⁴non
1514 2070 1556 2105 tu

220 2149 365 2191 corpus
392 2147 477 2177 eras
503 2134 584 2174 sine
610 2131 783 2187 pectore'
812 2132 1102 2187 coniunguntur,
1128 2134 1193 2174 vix
1220 2135 1369 2175 videtur
1395 2134 1555 2176 dubitari

222 2222 350 2265 posse,
368 2207 460 2262 quin
473 2205 666 2253 Horatius,
688 2204 876 2259 siquidem
896 2204 1049 2259 proprie
1061 2217 1107 2245 ac
1126 2205 1346 2261 simpliciter
1361 2206 1466 2261 loqui
1484 2221 1554 2248 vo-

222 2281 335 2328 lebat,
362 2292 439 2320 non
461 2281 634 2318 contorte
652 2281 766 2329 atque
784 2275 959 2324 obscure,
985 2275 1060 2316 hoc
1085 2277 1200 2317 modo
1219 2278 1433 2331 scripserit:
1460 2292 1554 2332 ‘non

222 2359 265 2395 tu
284 2365 425 2406 corpus
452 2350 545 2392 eris
573 2348 653 2388 sine
672 2347 852 2402 pectore?
890 2347 1133 2402 Quamquam
1155 2350 1257 2391 enim
1281 2361 1359 2390 non
1375 2363 1489 2405 nego,
1511 2351 1551 2392 in

224 2427 351 2467 futuro
395 2423 510 2464 etiam
554 2425 728 2473 tempore
767 2420 992 2475 suspicionis
1032 2419 1197 2475 aliquam
1240 2420 1574 2475 significationem.

223 2497 363 2544 latere,-
397 2493 558 2536 multum
587 2498 713 2535 tamen
740 2493 911 2540 interest,
942 2497 1069 2534 utrum
1096 2493 1238 2534 amicos
1264 2497 1414 2536 nostros
1439 2492 1553 2549 plane
