1669 2839
797 110 853 154 14

149 216 440 273 subscriptione,
469 220 630 261 eandem
660 222 851 261 rationemv
874 224 1083 275 sequantur
1111 221 1290 276 (quorum
1319 218 1493 276 complu·

147 304 208 329 res
233 290 329 329 vidit
356 290 564 340 Bentleius,
606 306 724 331 unum
764 291 908 332 sec.,X
937 298 1137 331 exaratum
1178 291 1517 346 Vanderburgius‘*

147 361 358 417 descripsit,
383 363 413 403 B
427 364 473 404 ab
491 365 574 417 ipso
597 368 776 403 vocatum
797 362 823 403 I.
841 378 877 418 p.
888 360 998 415 390),
1014 364 1256 404 verisimilius
1272 370 1331 404 est
1345 370 1411 405 aut
1423 375 1500 419 per‘

148 447 284 473 omnes
299 436 463 480 codices,
491 440 558 472 aut
584 448 653 487 per
679 430 926 473 numerosam
946 441 985 473 et
1009 436 1311 488 antiquissimam
1337 435 1490 488 quidem

148 518 282 544 eorum
322 503 504 544 familiam
532 504 640 545 illum
668 519 815 545 morem
853 510 1107 561 propagatum
1143 520 1246 555 esse,
1287 519 1414 561 neque
1446 519 1490 545 ea

146 578 182 614 in
212 590 253 614 re
281 577 488 629 quicquam
523 590 686 615 novasse
715 577 959 617 Mavortium.
1013 577 1091 616 Iam
1129 578 1159 616 si
1198 579 1303 630 quis,
1336 591 1491 617 omnem

146 646 293 687 sciliaeet
319 648 543 686 temeritatis
569 646 632 686 vel
665 647 924 701 suspicionem
957 648 1156 696 vitaturus,
1197 648 1305 689 illum
1332 648 1371 687 in
1397 646 1491 687 solis

147 718 278 771 epodis
298 724 492 757 versatum
512 734 599 759 esse
622 725 776 768 statuat,
799 726 930 759 nostro
949 721 1031 758 iure
1050 721 1088 759 id
1108 721 1213 759 credi
1232 734 1346 773 posse
1372 733 1491 773 nega·
1546 753 1555 762 .

146 789 281 838 bimus,
303 804 423 843 quum
452 797 753 831 consentaneum
779 791 837 839 sit,
873 790 920 831 ab
943 791 1027 845 ipso
1052 791 1196 830 codicis
1222 792 1325 831 initio
1354 805 1490 831 emcn-

145 861 257 900 dandi
285 863 401 900 etiam
420 863 567 901 initium
594 864 737 902 sactum
762 877 860 902 esse.
905 861 1045 915 Neque
1064 861 1157 901 vero
1177 862 1228 901 illi
1248 864 1312 915 qui
1332 863 1380 902 de
1399 863 1490 902 solis

144 932 377 972 carminibus
404 935 632 987 cogitanunt,
655 934 850 973 habebunt
870 945 946 987 quo
966 934 1193 973 sententiam
1219 948 1328 973 suam
1355 939 1491 973 tuean-

144 1010 223 1043 tur:
249 1006 334 1057 quis
362 1006 464 1044 enim
492 1005 562 1044 sibi
590 993 833 1059 persuaserit,
861 1005 1057 1044 hominem
1084 1004 1229 1057 lyricae
1253 1006 1386 1059 poesis·
1408 1010 1490 1044 stu-

142 1075 291 1114 diosum
319 1075 495 1115 seculare
522 1091 675 1116 carmen
704 1091 725 1115 a
754 1077 892 1116 ceteris
920 1076 1155 1115 carminibus
1173 1076 1225 1115 ita
1249 1090 1488 1130 segregasse,

141 1152 184 1184 ut
214 1146 308 1185 illud
343 1160 390 1185 ne
427 1148 710 1187 emendandum
751 1147 907 1201 quidem
942 1145 1122 1185 duxerit?
1174 1145 1306 1200 ltaque
1345 1148 1488 1186 rectius

140 1223 366 1266 statuemus,
395 1224 548 1272 praeter
575 1220 786 1258 carminum
812 1218 931 1257 libros
958 1217 1011 1257 IV
1038 1223 1153 1271 atque
1187 1218 1333 1272 epodos
1366 1219 1488 1273 poeti-

141 1304 227 1330 cam
256 1291 371 1329 etiam
408 1296 530 1330 artem
560 1290 737 1331 Mavortii
764 1305 897 1331 curam
925 1294 1125 1344 expertam
1154 1303 1261 1338 esse;
1289 1303 1404 1343 quam
1431 1290 1488 1330 di-

140 1375 342 1402 versorum
370 1363 581 1401 carminum
610 1363 919 1401 coniunctionem
946 1374 1023 1399 non
1050 1360 1271 1400 mirabimur
1295 1362 1333 1401 in
1352 1376 1398 1401 eo
1418 1363 1487 1402 ho-

141 1436 258 1481 mine,
287 1448 404 1487 quem
432 1433 630 1486 probabile
658 1438 736 1479 est,
764 1446 841 1471 non
870 1432 1117 1479 carminibus,
1146 1446 1246 1485 quae
1272 1447 1323 1472 ex
1348 1433 1486 1473 eodem

140 1519 283 1560 genere
312 1509 451 1550 essent,
491 1504 589 1542 inter
614 1517 654 1542 se
674 1503 917 1542 conferendis
947 1508 1061 1556 atque
1090 1503 1137 1542 ad
1164 1502 1292 1542 iudicii
1318 1505 1486 1557 artisque

139 1575 369 1630 elegantiam
408 1575 608 1628 exigendis
651 1575 822 1628 poeticas
866 1587 1029 1612 veneres
1066 1579 1262 1626 captasse,
1303 1575 1371 1612 sed
1409 1574 1486 1613 hoc

139 1661 257 1686 unum
284 1647 427 1701 egisse,
457 1652 500 1685 ut
526 1647 701 1685 codicem
729 1644 888 1684 haberet
915 1658 1030 1699 quam
1058 1645 1366 1684 emendatissime
1393 1646 1486 1685 scri·
1537 1695 1542 1699 ,

136 1725 258 1773 ptum.
301 1718 389 1757 Hoc
408 1723 537 1756 tamen
566 1718 656 1756 mihi
675 1732 828 1771 quoque
847 1718 985 1755 mirum
1004 1717 1167 1764 videtur,
1193 1716 1296 1770 quod
1319 1717 1487 1757 substitit

137 1797 225 1830 ante
253 1804 407 1829 carmen
443 1788 637 1836 seculare,
679 1803 799 1842 quum
827 1794 1020 1843 appareat,
1062 1787 1309 1841 epistolarum
1337 1789 1484 1828 initium
1507 1779 1509 1782 ⁵

137 1864 324 1915 aptiorem
351 1862 469 1899 fuisse
497 1860 762 1913 requiescendi
791 1860 932 1898 locum.
989 1860 1099 1908 Quae
1134 1858 1333 1897 dubitatio'
1352 1861 1484 1898 nescio

135 1947 183 1972 an
210 1934 262 1972 ita
290 1931 372 1971 tolli
396 1931 545 1975 debeat,
575 1935 617 1970 ut
631 1936 856 1978 statuamus,
876 1930 1107 1970 Mavortium
1136 1929 1284 1969 Horatii
1311 1930 1484 1986 codicem

135 2004 315 2042 habuisse
343 2004 424 2042 sive
447 2017 540 2042 casu
567 2003 648 2041 sive
672 2016 902 2055 quacunque
931 2003 979 2040 de
999 2014 1114 2040 causa
1139 2002 1175 2038 in
1193 2001 1268 2039 duo
1290 2001 1485 2042 volumina

134 2075 315 2122 divisum,
350 2088 515 2128 quorum
557 2072 719 2112 alterum
758 2087 803 2112 ea
832 2071 1178 2126 complectebatur,
1217 2086 1316 2125 quae
1345 2073 1391 2112 ab
1419 2074 1484 2113 illo

135 2146 334 2185 emendata
363 2153 468 2193 sunt,
496 2144 659 2184 alterum
688 2159 845 2184 carmen
875 2143 1066 2190 seculare,
1103 2143 1301 2196 epistolas,
1338 2145 1483 2183 satiras.

134 2215 265 2255 Potest
292 2218 355 2255 vel
383 2218 437 2255 sic
466 2222 671 2268 utrumque
700 2216 881 2255 volumen
903 2229 979 2254 non
1004 2214 1117 2268 plane
1146 2215 1329 2268 exiguum
1357 2215 1484 2261 fuisse,

133 2300 250 2339 quum
267 2293 429 2335 constet,
458 2301 573 2341 quam
604 2289 751 2340 magnis
779 2287 977 2326 literarum
1005 2286 1138 2324 formis
1164 2286 1240 2323 iam
1259 2285 1348 2324 inde
1367 2299 1387 2324 a
1408 2288 1484 2339 pri-

132 2372 196 2397 mo
216 2373 252 2411 p.
273 2358 364 2397 Chr.
385 2374 420 2399 n.
448 2358 581 2398 seculo
612 2359 817 2411 (siquidem
845 2358 891 2396 de
920 2356 1080 2395 Liviano
1108 2357 1323 2409 fragmento
1352 2358 1484 2411 paucis
1524 2347 1526 2349 ,

130 2429 270 2468 abhinc
312 2430 419 2468 annis
461 2444 509 2469 ex
551 2430 734 2483 Hispania
777 2428 892 2466 allato
935 2432 1040 2466 recte
1081 2427 1262 2466 iudicavit
1299 2428 1483 2475 Pertzius,

130 2502 380 2552 gravissimus
419 2500 552 2539 harum
588 2515 714 2539 rerum
756 2504 905 2548 auctor)
937 2498 1196 2537 Romanorum
1237 2498 1375 2537 librarii
1412 2499 1484 2537 sint
