1669 2839
780 83 789 92 ·
811 70 881 113 ‘'7‘4

177 180 225 217 tis
243 178 412 224 Bentleii
439 184 638 221 inventum
665 180 822 234 placuit,
849 180 1006 234 elegans
1024 180 1127 220 illud
1146 185 1186 219 et
1203 180 1411 220 admodum
1438 194 1524 234 spe-

176 251 348 290 ciosum:
387 253 420 291 is
449 252 549 291 enim
576 255 681 290 recte
710 252 837 290 omnia
864 265 906 290 se
933 250 1355 313 habiturafl'udicabat,
1396 252 1428 291 si
1454 264 1523 306 pro

177 324 386 370 minimo,
414 336 463 362 ne
491 335 564 361 una
593 322 748 376 quidem
775 322 914 362 lineola
940 326 1098 370 mutata,
1126 336 1311 361 nummo
1339 322 1525 362 scribere-

178 400 249 442 tur,
278 396 388 446 eique
416 394 661 449 coniecturae
689 398 839 432 tantum
869 392 1009 440 tribuit,
1038 399 1081 433 ut
1099 407 1244 441 omnes,
1273 395 1337 448 qui
1364 394 1427 433 vel
1455 395 1525 433 mi-

176 466 322 504 nimum
340 464 469 503 iudicii
487 462 683 512 haberent,
711 478 843 504 veram
864 463 1012 504 Horatii
1030 477 1187 503 manum
1205 465 1243 503 in
1262 478 1306 503 ea
1327 466 1524 518 agnituros

177 549 263 575 esse
292 535 513 575 confideret.
558 534 698 575 Fateor
724 540 864 582 tamen,
893 535 983 574 mihi
1011 549 1097 575 eam
1123 535 1367 575 salsissimam
1394 535 1525 575 videri.

178 608 388 670 Qujsenim
416 605 590 653 alterum,
620 612 726 645 certo
747 599 875 660 aliquo
897 609 1068 661 praemio
1088 608 1227 660 posito,
1255 608 1303 646 ad
1332 613 1526 647 certamen
1561 626 1568 632 ·

175 665 377 734 povocat,
405 678 436 717 si
453 691 680 731 persuasum
709 677 835 724 habet,
864 683 907 716 ut
924 678 1056 718 habuit
1076 678 1287 730 Crispinus,
1313 677 1396 717 fieri
1413 678 1525 732 plane

174 745 408 818 nomm
436 750 526 803 qu‘n
553 750 636 802 ipse
664 750 839 803 superior
867 749 1039 789 discedat
1058 754 1097 788 et
1113 751 1326 803 praemium
1344 754 1524 803 reportet,

174 827 210 860 st
270 820 279 829 ”
332 812 345 818 ”
381 812 383 814 ’
448 822 622 877 profecto
651 826 719 868 est,
748 822 818 860 nisi
846 834 1005 874 operam
1024 820 1099 866 dat,
1117 825 1160 859 ut
1176 821 1390 874 praemium
1403 834 1523 875 pona-

174 890 239 934 tur⁵
262 906 379 948 quam
405 893 640 949 naximum„
684 892 815 931 Sensit
840 892 877 931 id
904 893 985 945 ipse
1013 891 1231 931 Bentleius:
1259 898 1300 931 at
1326 906 1425 946 quae
1449 892 1524 932 hac

173 965 221 1004 de
249 978 290 1004 re
319 964 489 1017 scripsit:
531 963 702 1017 ⁶oblique
731 963 951 1017 Crispinum
979 964 1116 1018 tangit,
1158 963 1266 1016 quasi
1294 976 1459 1017 egenum
1487 968 1526 1002 et

174 1037 407 1083 mendicum,
434 1037 499 1089 qui
526 1037 767 1075 non-maiore
794 1037 966 1089 pignore,
994 1049 1110 1088 quam
1138 1049 1215 1074 uno
1242 1048 1414 1083 nummo,
1442 1049 1526 1074 cer-

174 1113 255 1147 tare
282 1105 434 1154 voluit’,
469 1120 514 1145 ea
542 1119 620 1145 non
648 1112 754 1146 recte
780 1106 1005 1161 procedunt.
1062 1106 1150 1156 Quo
1178 1106 1384 1161 pauperior
1423 1108 1524 1146 enim

173 1170 514 1231 eratzb'ispinuS,
557 1190 602 1216 eo
638 1179 761 1231 magis
790 1176 955 1216 d'ebebat
981 1178 1121 1230 pignus
1159 1189 1275 1229 quam
1313 1179 1525 1217 maximum

172 1251 313 1297 facere,
355 1254 473 1302 atque
510 1243 580 1302 qui
602 1249 640 1287 in
669 1248 877 1288 certamine
904 1262 981 1287 non
1005 1247 1096 1302 plus
1123 1260 1240 1301 quam
1269 1261 1389 1287 unum
1415 1262 1524 1288 num-

157 1321 280 1361 'mum
308 1319 514 1375 periclitari
530 1319 624 1367 vult,
649 1320 682 1358 is
702 1319 913 1373 profitetur,
941 1301 1020 1364 {uis
1050 1332 1092 1357 se
1111 1318 1256 1358 viribus
1274 1333 1410 1374 parum
1428 1333 1524 1360 con-

173 1394 304 1441 fidere,
331 1406 353 1432 a
374 1407 449 1446 qua
469 1393 658 1435 modestia
683 1391 907 1447 longissime
931 1392 1027 1430 afuit
1045 1391 1163 1430 homo
1194 1405 1317 1431 vanus
1345 1406 1391 1431 ac
1418 1392 1524 1431 stoli-

174 1466 256 1504 dus.
302 1464 452 1502 Eodem
478 1468 707 1516 argumento
727 1468 766 1501 et
792 1464 824 1501 is
853 1461 1060 1509 refelletur,
1088 1463 1152 1515 qui
1180 1463 1392 1511 minimo,
1421 1464 1523 1518 quod

170 1538 224 1583 in„
243 1533 439 1575 codicibus
469 1539 545 1579 est,
574 1534 712 1573 eadem
746 1535 892 1572 ratione
919 1535 1159 1585 interpretari
1192 1533 1375 1580 voluerit,
1402 1539 1445 1573 ut
1474 1535 1522 1573 de

170 1606 327 1647 minima
356 1605 518 1660 pecunia
546 1605 690 1645 dictum
719 1606 776 1653 sit,
806 1611 844 1645 et
870 1603 1055 1645 refellitur
1082 1604 1366 1658 quodammodo
1394 1606 1523 1646 Acron

173 1678 434 1723 Fabricianum,
460 1678 579 1734 cuius
595 1678 892 1735 disputationem
910 1676 1110 1716 Bentleius
1129 1678 1285 1730 egregie
1305 1680 1524 1717 emendavit

171 1751 244 1791 sic:
285 1749 458 1803 ‘minimo
486 1760 699 1802 provocare
736 1747 913 1787 dicuntur
940 1747 995 1796 hi,
1037 1749 1102 1803 qui
1128 1749 1166 1789 in
1194 1750 1399 1803 sponsione
1435 1749 1522 1804 plus

168 1824 240 1876 ipsi
260 1822 497 1876 promittant,
527 1834 642 1874 quam
662 1822 819 1874 exigant
833 1820 881 1859 ab
896 1821 1140 1860 adversario)
1181 1821 1290 1861 Haec
1305 1827 1434 1861 tamen
1454 1823 1520 1861 ad-

169 1893 315 1933 notatio
345 1892 459 1932 aliam
489 1893 604 1931 etiam
631 1891 927 1945 explicationem
961 1891 1095 1940 habet,
1131 1906 1231 1946 quae
1258 1892 1305 1932 ab
1332 1892 1407 1931 hoc
1433 1891 1519 1932 loco

171 1978 247 2004 non
275 1962 388 2017 plane
415 1963 538 2003 aliona
565 1963 726 2003 dicenda·
754 1963 871 2010 foret,
898 1964 970 2003 nisi
995 1964 1079 2018 ipsa
1105 1963 1168 2004 illa
1196 1963 1360 2004 formula
1387 1963 1517 2004 admo-

172 2036 263 2075 dum
291 2040 470 2089 suspecta
499 2035 712 2075 videretur:
740 2048 830 2075 nam
857 2033 1005 2075 nullum
1032 2036 1114 2075 eius
1134 2036 1357 2091 exemplum
1385 2050 1520 2091 super-

171 2113 248 2155 est,
289 2109 451 2160 ipsaque
486 2108 697 2146 sententiae
724 2107 783 2145 vis
811 2108 1136 2160 comparativum,
1176 2108 1328 2161 opinor,
1360 2108 1520 2148 modum

172 2179 346 2232 requirit,
374 2190 452 2217 non
479 2178 767 2231 superlativum.
821 2176 1013 2232 Equidem
1033 2178 1253 2231 Crispinum
1279 2178 1386 2218 nullo
1414 2184 1519 2218 certo

170 2251 330 2303 pignore
345 2248 551 2289 Horatium
576 2263 812 2303 provocasse
841 2251 1031 2298 existimo,
1049 2250 1118 2289 sed
1137 2249 1255 2289 solius
1277 2250 1433 2290 honoris
1452 2263 1518 2289 cu-

170 2321 306 2376 pidum
342 2321 477 2369 fuisse,
519 2322 550 2361 si
577 2326 733 2376 poetam
768 2334 790 2360 a
817 2320 1042 2362 Maecenate
1083 2320 1291 2376 probatum
1330 2319 1519 2361 scribendi

173 2393 372 2435 celeritate
413 2395 590 2441 vicisset,
632 2407 709 2447 quo
745 2393 902 2433 artificio
937 2393 1143 2448 plurimum
1170 2392 1334 2433 valebat.
1387 2391 1518 2447 Itaque

170 2467 282 2509 loeus
307 2465 362 2506 sic
390 2466 516 2519 potius
543 2465 805 2507 emendandus
833 2466 924 2505 erit:
