<?xml version="1.0" encoding="UTF-8"?>
<!DOCTYPE html PUBLIC "-//W3C//DTD XHTML 1.0 Transitional//EN"
    "http://www.w3.org/TR/xhtml1/DTD/xhtml1-transitional.dtd">
<html xmlns="http://www.w3.org/1999/xhtml" xml:lang="en" lang="en">
 <head>
  <title>
</title>
<meta http-equiv="Content-Type" content="text/html;charset=utf-8" />
  <meta name='ocr-system' content='tesseract 3.04.00' />
  <meta name='ocr-capabilities' content='ocr_page ocr_carea ocr_par ocr_line ocrx_word'/>
</head>
<body>
  <div class='ocr_page' id='page_1' title='image "./4738087_0082.png"; bbox 0 0 1669 2839; ppageno 0'>
   <div class='ocr_carea' id='block_1_1' title="bbox 756 120 817 164">
    <p class='ocr_par' dir='ltr' id='par_1_1' title="bbox 756 96 889 164">
     <span class='ocr_line' id='line_1_1' title="bbox 756 120 817 164; baseline 0.008 -1"><span class='ocrx_word' id='word_1_1' title='bbox 756 120 817 164; x_wconf 63' lang='grc' dir='ltr'>π</span> 
     </span>
    </p>
   </div>
   <div class='ocr_carea' id='block_1_2' title="bbox 106 228 1455 2568">
    <p class='ocr_par' dir='ltr' id='par_1_2' title="bbox 110 228 1455 571">
     <span class='ocr_line' id='line_1_2' title="bbox 110 228 1453 287; baseline 0.001 -16"><span class='ocrx_word' id='word_1_2' title='bbox 110 237 216 287; x_wconf 63' lang='lat' dir='ltr'><strong>iique</strong></span> <span class='ocrx_word' id='word_1_3' title='bbox 242 243 330 270; x_wconf 79' lang='lat' dir='ltr'><strong>raro</strong></span> <span class='ocrx_word' id='word_1_4' title='bbox 357 228 512 284; x_wconf 66' lang='lat' dir='ltr'><strong>publice</strong></span> <span class='ocrx_word' id='word_1_5' title='bbox 537 229 709 270; x_wconf 81' lang='lat' dir='ltr'><strong>recitent.</strong></span> <span class='ocrx_word' id='word_1_6' title='bbox 750 228 888 284; x_wconf 87' lang='lat' dir='ltr'><strong>Neque</strong></span> <span class='ocrx_word' id='word_1_7' title='bbox 916 235 1045 269; x_wconf 88' lang='lat' dir='ltr'><strong>tamen</strong></span> <span class='ocrx_word' id='word_1_8' title='bbox 1072 228 1214 277; x_wconf 80' lang='lat' dir='ltr'><strong>dubito,</strong></span> <span class='ocrx_word' id='word_1_9' title='bbox 1241 233 1453 284; x_wconf 80' lang='lat' dir='ltr'><strong>quin&#39;duo-</strong></span> 
     </span>
     <span class='ocr_line' id='line_1_3' title="bbox 117 300 1454 356; baseline 0 -14"><span class='ocrx_word' id='word_1_10' title='bbox 117 306 186 343; x_wconf 89' lang='lat' dir='ltr'><strong>bus</strong></span> <span class='ocrx_word' id='word_1_11' title='bbox 214 303 330 341; x_wconf 82' lang='lat' dir='ltr'><strong>etiam</strong></span> <span class='ocrx_word' id='word_1_12' title='bbox 355 301 427 355; x_wconf 66' lang='lat' dir='ltr'><strong>vel·</strong></span> <span class='ocrx_word' id='word_1_13' title='bbox 445 300 570 356; x_wconf 50' lang='lat' dir='ltr'><strong>Qus·</strong></span> <span class='ocrx_word' id='word_1_14' title='bbox 599 302 740 342; x_wconf 80' lang='lat' dir='ltr'><strong>seculis</strong></span> <span class='ocrx_word' id='word_1_15' title='bbox 773 307 860 355; x_wconf 87' lang='lat' dir='ltr'><strong>post</strong></span> <span class='ocrx_word' id='word_1_16' title='bbox 887 300 1038 340; x_wconf 77' lang='lat' dir='ltr'><strong>Horatii</strong></span> <span class='ocrx_word' id='word_1_17' title='bbox 1070 306 1235 340; x_wconf 86' lang='lat' dir='ltr'><strong>mortem</strong></span> <span class='ocrx_word' id='word_1_18' title='bbox 1262 301 1454 356; x_wconf 70' lang='lat' dir='ltr'><strong>aliqinnto</strong></span> 
     </span>
     <span class='ocr_line' id='line_1_4' title="bbox 116 369 1455 427; baseline -0.003 -14"><span class='ocrx_word' id='word_1_19' title='bbox 116 379 155 413; x_wconf 86' lang='lat' dir='ltr'><strong>et</strong></span> <span class='ocrx_word' id='word_1_20' title='bbox 179 370 289 427; x_wconf 84' lang='lat' dir='ltr'><strong>plura</strong></span> <span class='ocrx_word' id='word_1_21' title='bbox 317 377 357 411; x_wconf 87' lang='lat' dir='ltr'><strong>et</strong></span> <span class='ocrx_word' id='word_1_22' title='bbox 380 369 540 411; x_wconf 56' lang='lat' dir='ltr'><strong>notiora</strong></span> <span class='ocrx_word' id='word_1_23' title='bbox 567 371 616 411; x_wconf 75' lang='lat' dir='ltr'><strong>de</strong></span> <span class='ocrx_word' id='word_1_24' title='bbox 640 373 845 412; x_wconf 74' lang='lat' dir='ltr'><strong>recitandis</strong></span> <span class='ocrx_word' id='word_1_25' title='bbox 884 373 1007 411; x_wconf 86' lang='lat' dir='ltr'><strong>satiris</strong></span> <span class='ocrx_word' id='word_1_26' title='bbox 1044 373 1214 426; x_wconf 83' lang='lat' dir='ltr'>praecipi</span> <span class='ocrx_word' id='word_1_27' title='bbox 1251 373 1455 425; x_wconf 71' lang='lat' dir='ltr'><strong>potuerint,</strong></span> 
     </span>
     <span class='ocr_line' id='line_1_5' title="bbox 115 442 1452 499; baseline -0.001 -15"><span class='ocrx_word' id='word_1_28' title='bbox 115 457 232 499; x_wconf 78' lang='lat' dir='ltr'><strong>quam</strong></span> <span class='ocrx_word' id='word_1_29' title='bbox 259 456 359 499; x_wconf 58' lang='lat' dir='ltr'><strong>quse</strong></span> <span class='ocrx_word' id='word_1_30' title='bbox 385 442 529 496; x_wconf 88' lang='lat' dir='ltr'><strong>passim</strong></span> <span class='ocrx_word' id='word_1_31' title='bbox 555 445 840 498; x_wconf 64' lang='lat' dir='ltr'><strong>praecipiuntur</strong></span> <span class='ocrx_word' id='word_1_32' title='bbox 867 444 1094 483; x_wconf 89' lang='lat' dir='ltr'><strong>ab-Acrone</strong></span> <span class='ocrx_word' id='word_1_33' title='bbox 1122 449 1161 483; x_wconf 86' lang='lat' dir='ltr'><strong>et</strong></span> <span class='ocrx_word' id='word_1_34' title='bbox 1178 443 1452 497; x_wconf 79' lang='lat' dir='ltr'><strong>Porphyrione,</strong></span> 
     </span>
     <span class='ocr_line' id='line_1_6' title="bbox 114 510 846 571; baseline -0.005 -14"><span class='ocrx_word' id='word_1_35' title='bbox 114 515 275 571; x_wconf 70' lang='lat' dir='ltr'><strong>collegis</strong></span> <span class='ocrx_word' id='word_1_36' title='bbox 290 510 443 553; x_wconf 63' lang='lat' dir='ltr'><strong>munti</strong></span> <span class='ocrx_word' id='word_1_37' title='bbox 469 526 548 552; x_wconf 84' lang='lat' dir='ltr'><strong>non</strong></span> <span class='ocrx_word' id='word_1_38' title='bbox 572 513 695 568; x_wconf 62' lang='lat' dir='ltr'><strong>planes</strong></span> <span class='ocrx_word' id='word_1_39' title='bbox 714 515 846 569; x_wconf 83' lang='lat' dir='ltr'>dignis.</span> 
     </span>
    </p>

    <p class='ocr_par' dir='ltr' id='par_1_3' title="bbox 109 584 1453 1136">
     <span class='ocr_line' id='line_1_7' title="bbox 217 584 1453 639; baseline -0.002 -12"><span class='ocrx_word' id='word_1_40' title='bbox 217 587 356 631; x_wconf 81' lang='lat' dir='ltr'><strong>Dicam</strong></span> <span class='ocrx_word' id='word_1_41' title='bbox 384 584 433 624; x_wconf 82' lang='lat' dir='ltr'><strong>de</strong></span> <span class='ocrx_word' id='word_1_42' title='bbox 461 584 609 624; x_wconf 88' lang='lat' dir='ltr'><strong>duobus</strong></span> <span class='ocrx_word' id='word_1_43' title='bbox 637 584 742 633; x_wconf 84' lang='lat' dir='ltr'><strong>locis,</strong></span> <span class='ocrx_word' id='word_1_44' title='bbox 770 585 908 639; x_wconf 90' lang='lat' dir='ltr'><strong>quibus</strong></span> <span class='ocrx_word' id='word_1_45' title='bbox 933 585 1086 624; x_wconf 86' lang='lat' dir='ltr'><strong>illorum</strong></span> <span class='ocrx_word' id='word_1_46' title='bbox 1114 600 1230 639; x_wconf 87' lang='lat' dir='ltr'><strong>opera</strong></span> <span class='ocrx_word' id='word_1_47' title='bbox 1248 591 1315 625; x_wconf 83' lang='lat' dir='ltr'><strong>aut</strong></span> <span class='ocrx_word' id='word_1_48' title='bbox 1339 584 1453 639; x_wconf 85' lang='lat' dir='ltr'><strong>plane</strong></span> 
     </span>
     <span class='ocr_line' id='line_1_8' title="bbox 112 655 1452 713; baseline -0.003 -15"><span class='ocrx_word' id='word_1_49' title='bbox 112 672 183 702; x_wconf 71' lang='lat' dir='ltr'><strong>11oe</strong></span> <span class='ocrx_word' id='word_1_50' title='bbox 203 657 385 713; x_wconf 60' lang='grc' dir='ltr'><strong>ἁθρὶῦιιίι,</strong></span> <span class='ocrx_word' id='word_1_51' title='bbox 413 661 479 694; x_wconf 83' lang='lat' dir='ltr'><strong>aut</strong></span> <span class='ocrx_word' id='word_1_52' title='bbox 497 656 560 694; x_wconf 91' lang='lat' dir='ltr'><strong>vel</strong></span> <span class='ocrx_word' id='word_1_53' title='bbox 587 661 827 695; x_wconf 81' lang='lat' dir='ltr'><strong>transversos</strong></span> <span class='ocrx_word' id='word_1_54' title='bbox 855 658 950 710; x_wconf 86' lang='lat' dir='ltr'><strong>agit:</strong></span> <span class='ocrx_word' id='word_1_55' title='bbox 969 657 1016 695; x_wconf 90' lang='lat' dir='ltr'><strong>de</strong></span> <span class='ocrx_word' id='word_1_56' title='bbox 1035 659 1160 710; x_wconf 88' lang='lat' dir='ltr'><strong>priore</strong></span> <span class='ocrx_word' id='word_1_57' title='bbox 1188 662 1292 696; x_wconf 83' lang='lat' dir='ltr'><strong>recte</strong></span> <span class='ocrx_word' id='word_1_58' title='bbox 1310 657 1387 696; x_wconf 72' lang='lat' dir='ltr'><strong>iam</strong></span> <span class='ocrx_word' id='word_1_59' title='bbox 1405 655 1452 694; x_wconf 75' lang='lat' dir='ltr'><strong>ab</strong></span> 
     </span>
     <span class='ocr_line' id='line_1_9' title="bbox 114 702 1451 808; baseline -0.003 -38"><span class='ocrx_word' id='word_1_60' title='bbox 114 730 195 770; x_wconf 73' lang='lat' dir='ltr'><strong>auis</strong></span> <span class='ocrx_word' id='word_1_61' title='bbox 222 728 433 768; x_wconf 80' lang='lat' dir='ltr'><strong>iudicatum</strong></span> <span class='ocrx_word' id='word_1_62' title='bbox 461 733 532 776; x_wconf 85' lang='lat' dir='ltr'><strong>est,</strong></span> <span class='ocrx_word' id='word_1_63' title='bbox 559 728 606 767; x_wconf 90' lang='lat' dir='ltr'><strong>de</strong></span> <span class='ocrx_word' id='word_1_64' title='bbox 633 728 753 767; x_wconf 87' lang='lat' dir='ltr'><strong>altero</strong></span> <span class='ocrx_word' id='word_1_65' title='bbox 781 729 870 768; x_wconf 90' lang='lat' dir='ltr'><strong>novi</strong></span> <span class='ocrx_word' id='word_1_66' title='bbox 899 728 1040 808; x_wconf 66' lang='lat' dir='ltr'><strong>³¹¹qu</strong></span> <span class='ocrx_word' id='word_1_67' title='bbox 1066 729 1326 781; x_wconf 59' lang='lat' dir='ltr'><strong>proferemuae</strong></span> <span class='ocrx_word' id='word_1_68' title='bbox 1325 702 1451 766; x_wconf 65' lang='lat' dir='ltr'><strong>&#39;Sub</strong></span> 
     </span>
     <span class='ocr_line' id='line_1_10' title="bbox 111 779 1453 910; baseline -0.003 -69"><span class='ocrx_word' id='word_1_69' title='bbox 111 802 228 841; x_wconf 84' lang='lat' dir='ltr'><strong>finem</strong></span> <span class='ocrx_word' id='word_1_70' title='bbox 254 798 426 854; x_wconf 80' lang='lat' dir='ltr'><strong>eclogae,</strong></span> <span class='ocrx_word' id='word_1_71' title='bbox 454 812 554 852; x_wconf 85' lang='lat' dir='ltr'><strong>quae</strong></span> <span class='ocrx_word' id='word_1_72' title='bbox 571 800 683 838; x_wconf 83' lang='lat' dir='ltr'><strong>tertia</strong></span> <span class='ocrx_word' id='word_1_73' title='bbox 701 805 759 839; x_wconf 93' lang='lat' dir='ltr'><strong>est</strong></span> <span class='ocrx_word' id='word_1_74' title='bbox 776 800 815 839; x_wconf 90' lang='lat' dir='ltr'><strong>in</strong></span> <span class='ocrx_word' id='word_1_75' title='bbox 834 799 954 838; x_wconf 89' lang='lat' dir='ltr'><strong>altero</strong></span> <span class='ocrx_word' id='word_1_76' title='bbox 971 779 1453 910; x_wconf 52' lang='lat' dir='ltr'><strong>satirammuwula</strong></span> 
     </span>
     <span class='ocr_line' id='line_1_11' title="bbox 111 868 1453 924; baseline -0.001 -15"><span class='ocrx_word' id='word_1_77' title='bbox 111 870 173 910; x_wconf 86' lang='lat' dir='ltr'><strong>ill-a</strong></span> <span class='ocrx_word' id='word_1_78' title='bbox 214 869 262 908; x_wconf 91' lang='lat' dir='ltr'><strong>de</strong></span> <span class='ocrx_word' id='word_1_79' title='bbox 298 881 409 915; x_wconf 78' lang='lat' dir='ltr'><strong>rana,</strong></span> <span class='ocrx_word' id='word_1_80' title='bbox 449 882 548 922; x_wconf 87' lang='lat' dir='ltr'><strong>quae</strong></span> <span class='ocrx_word' id='word_1_81' title='bbox 590 868 699 908; x_wconf 90' lang='lat' dir='ltr'><strong>bovis</strong></span> <span class='ocrx_word' id='word_1_82' title='bbox 737 870 1038 923; x_wconf 82' lang='lat' dir='ltr'><strong>magnitudinem</strong></span> <span class='ocrx_word' id='word_1_83' title='bbox 1077 883 1148 924; x_wconf 88' lang='lat' dir='ltr'><strong>aeq</strong></span> <span class='ocrx_word' id='word_1_84' title='bbox 1435 882 1453 907; x_wconf 96' lang='lat' dir='ltr'><strong>s</strong></span> 
     </span>
     <span class='ocr_line' id='line_1_12' title="bbox 113 920 1452 1000; baseline -0.001 -19"><span class='ocrx_word' id='word_1_85' title='bbox 113 942 311 995; x_wconf 78' lang='lat' dir='ltr'><strong>magisque</strong></span> <span class='ocrx_word' id='word_1_86' title='bbox 344 954 385 979; x_wconf 88' lang='lat' dir='ltr'><strong>se</strong></span> <span class='ocrx_word' id='word_1_87' title='bbox 412 939 578 988; x_wconf 87' lang='lat' dir='ltr'><strong>inflabat,</strong></span> <span class='ocrx_word' id='word_1_88' title='bbox 620 941 744 980; x_wconf 89' lang='lat' dir='ltr'><strong>donec</strong></span> <span class='ocrx_word' id='word_1_89' title='bbox 780 946 1041 994; x_wconf 84' lang='lat' dir='ltr'><strong>rumperetur,</strong></span> <span class='ocrx_word' id='word_1_90' title='bbox 1067 940 1203 1000; x_wconf 46' lang='lat' dir='ltr'><strong>levite!</strong></span> <span class='ocrx_word' id='word_1_91' title='bbox 1240 920 1387 985; x_wconf 50' lang='lat' dir='ltr'><strong>m</strong></span> <span class='ocrx_word' id='word_1_92' title='bbox 1413 942 1452 979; x_wconf 87' lang='lat' dir='ltr'><strong>in</strong></span> 
     </span>
     <span class='ocr_line' id='line_1_13' title="bbox 109 1011 1451 1066; baseline -0.001 -15"><span class='ocrx_word' id='word_1_93' title='bbox 109 1014 236 1066; x_wconf 86' lang='lat' dir='ltr'><strong>ipsum</strong></span> <span class='ocrx_word' id='word_1_94' title='bbox 262 1011 465 1052; x_wconf 81' lang='lat' dir='ltr'><strong>Horatium</strong></span> <span class='ocrx_word' id='word_1_95' title='bbox 493 1012 628 1051; x_wconf 80' lang='lat' dir='ltr'><strong>festive</strong></span> <span class='ocrx_word' id='word_1_96' title='bbox 655 1013 877 1051; x_wconf 85' lang='lat' dir='ltr'><strong>transfertur</strong></span> <span class='ocrx_word' id='word_1_97' title='bbox 895 1025 919 1051; x_wconf 91' lang='lat' dir='ltr'><strong>a</strong></span> <span class='ocrx_word' id='word_1_98' title='bbox 935 1011 1189 1066; x_wconf 85' lang='lat' dir='ltr'><strong>Damasippo</strong></span> <span class='ocrx_word' id='word_1_99' title='bbox 1233 1011 1287 1051; x_wconf 89' lang='lat' dir='ltr'><strong>Ibi</strong></span> <span class='ocrx_word' id='word_1_100' title='bbox 1304 1012 1342 1051; x_wconf 90' lang='lat' dir='ltr'><strong>hi</strong></span> <span class='ocrx_word' id='word_1_101' title='bbox 1364 1023 1451 1050; x_wconf 86' lang='lat' dir='ltr'><strong>ver-</strong></span> 
     </span>
     <span class='ocr_line' id='line_1_14' title="bbox 111 1084 616 1136; baseline -0.004 -14"><span class='ocrx_word' id='word_1_102' title='bbox 111 1098 176 1122; x_wconf 89' lang='lat' dir='ltr'><strong>sus</strong></span> <span class='ocrx_word' id='word_1_103' title='bbox 204 1089 292 1122; x_wconf 80' lang='lat' dir='ltr'><strong>sunt</strong></span> <span class='ocrx_word' id='word_1_104' title='bbox 318 1085 369 1132; x_wconf 92' lang='lat' dir='ltr'><strong>(v.</strong></span> <span class='ocrx_word' id='word_1_105' title='bbox 396 1084 472 1122; x_wconf 76' lang='lat'><strong>315</strong></span> <span class='ocrx_word' id='word_1_106' title='bbox 501 1085 616 1136; x_wconf 87' lang='lat' dir='ltr'><strong>sqq.):</strong></span> 
     </span>
    </p>

    <p class='ocr_par' dir='ltr' id='par_1_4' title="bbox 132 1153 1328 1281">
     <span class='ocr_line' id='line_1_15' title="bbox 215 1153 1157 1209; baseline 0 -15"><span class='ocrx_word' id='word_1_107' title='bbox 215 1168 314 1194; x_wconf 90' lang='lat' dir='ltr'><strong>unus</strong></span> <span class='ocrx_word' id='word_1_108' title='bbox 341 1154 407 1194; x_wconf 94' lang='lat' dir='ltr'><strong>ubi</strong></span> <span class='ocrx_word' id='word_1_109' title='bbox 429 1154 571 1208; x_wconf 86' lang='lat' dir='ltr'><strong>effugit,</strong></span> <span class='ocrx_word' id='word_1_110' title='bbox 599 1154 711 1192; x_wconf 90' lang='lat' dir='ltr'><strong>matri</strong></span> <span class='ocrx_word' id='word_1_111' title='bbox 739 1153 926 1202; x_wconf 86' lang='lat' dir='ltr'><strong>denarrat,</strong></span> <span class='ocrx_word' id='word_1_112' title='bbox 952 1161 996 1194; x_wconf 85' lang='lat' dir='ltr'><strong>ut</strong></span> <span class='ocrx_word' id='word_1_113' title='bbox 1021 1156 1157 1209; x_wconf 84' lang='lat' dir='ltr'><strong>ingens</strong></span> 
     </span>
     <span class='ocr_line' id='line_1_16' title="bbox 132 1224 1328 1281; baseline -0.003 -16"><span class='ocrx_word' id='word_1_114' title='bbox 132 1266 140 1273; x_wconf 75' lang='grc'><em>,</em></span> <span class='ocrx_word' id='word_1_115' title='bbox 212 1226 325 1266; x_wconf 85' lang='lat' dir='ltr'><strong>belua</strong></span> <span class='ocrx_word' id='word_1_116' title='bbox 351 1230 537 1280; x_wconf 86' lang='lat' dir='ltr'><strong>cognatos</strong></span> <span class='ocrx_word' id='word_1_117' title='bbox 566 1224 717 1264; x_wconf 85' lang='lat' dir='ltr'><strong>eliserit.</strong></span> <span class='ocrx_word' id='word_1_118' title='bbox 744 1225 807 1265; x_wconf 84' lang='lat' dir='ltr'><strong>illa</strong></span> <span class='ocrx_word' id='word_1_119' title='bbox 835 1239 992 1281; x_wconf 86' lang='lat' dir='ltr'><strong>rogare:</strong></span> <span class='ocrx_word' id='word_1_120' title='bbox 1251 1239 1261 1250; x_wconf 78' lang='grc'><strong><em>’</em></strong></span> <span class='ocrx_word' id='word_1_121' title='bbox 1278 1232 1328 1268; x_wconf 51' lang='lat'><strong>²5²,</strong></span> 
     </span>
    </p>

    <p class='ocr_par' dir='ltr' id='par_1_5' title="bbox 211 1292 1396 1354">
     <span class='ocr_line' id='line_1_17' title="bbox 211 1292 1396 1354; baseline -0.001 -15.983"><span class='ocrx_word' id='word_1_122' title='bbox 211 1297 459 1349; x_wconf 80' lang='lat' dir='ltr'><strong>Quantane‘?</strong></span> <span class='ocrx_word' id='word_1_123' title='bbox 477 1311 570 1337; x_wconf 85' lang='lat' dir='ltr'><strong>num</strong></span> <span class='ocrx_word' id='word_1_124' title='bbox 585 1297 763 1345; x_wconf 79' lang='lat' dir='ltr'><strong>ta‘ntum&#39;,</strong></span> <span class='ocrx_word' id='word_1_125' title='bbox 788 1298 945 1337; x_wconf 82' lang='lat' dir='ltr'><strong>sufflans</strong></span> <span class='ocrx_word' id='word_1_126' title='bbox 964 1313 1016 1346; x_wconf 88' lang='lat' dir='ltr'><strong>se,</strong></span> <span class='ocrx_word' id='word_1_127' title='bbox 1045 1312 1202 1354; x_wconf 84' lang='lat' dir='ltr'><strong>magna</strong></span> <span class='ocrx_word' id='word_1_128' title='bbox 1219 1292 1396 1339; x_wconf 58' lang='lat' dir='ltr'><strong>fuisset?</strong></span> 
     </span>
    </p>

    <p class='ocr_par' dir='ltr' id='par_1_6' title="bbox 212 1367 1291 1424">
     <span class='ocr_line' id='line_1_18' title="bbox 212 1367 1291 1424; baseline -0.002 -12.964"><span class='ocrx_word' id='word_1_129' title='bbox 212 1371 350 1422; x_wconf 85' lang='lat' dir='ltr'><strong>maior</strong></span> <span class='ocrx_word' id='word_1_130' title='bbox 378 1368 554 1408; x_wconf 63' lang='lat' dir='ltr'><strong>dimidio?</strong></span> <span class='ocrx_word' id='word_1_131' title='bbox 584 1367 706 1417; x_wconf 86' lang='lat' dir='ltr'><strong>Num</strong></span> <span class='ocrx_word' id='word_1_132' title='bbox 732 1368 882 1408; x_wconf 81' lang='lat' dir='ltr'><strong>tanto?&#39;</strong></span> <span class='ocrx_word' id='word_1_133' title='bbox 911 1383 998 1409; x_wconf 87' lang='lat' dir='ltr'><strong>cum</strong></span> <span class='ocrx_word' id='word_1_134' title='bbox 1025 1371 1149 1424; x_wconf 87' lang='lat' dir='ltr'><strong>magis</strong></span> <span class='ocrx_word' id='word_1_135' title='bbox 1176 1376 1291 1424; x_wconf 85' lang='lat' dir='ltr'><strong>atque</strong></span> 
     </span>
    </p>

    <p class='ocr_par' dir='ltr' id='par_1_7' title="bbox 214 1439 1212 1495">
     <span class='ocr_line' id='line_1_19' title="bbox 214 1439 1212 1495; baseline -0.001 -14"><span class='ocrx_word' id='word_1_136' title='bbox 214 1456 255 1482; x_wconf 91' lang='lat' dir='ltr'><strong>se</strong></span> <span class='ocrx_word' id='word_1_137' title='bbox 283 1442 404 1495; x_wconf 90' lang='lat' dir='ltr'><strong>magis</strong></span> <span class='ocrx_word' id='word_1_138' title='bbox 432 1440 590 1488; x_wconf 85' lang='lat' dir='ltr'><strong>inflaret,</strong></span> <span class='ocrx_word' id='word_1_139' title='bbox 619 1439 725 1492; x_wconf 63' lang='lat' dir='ltr'><strong>⁶Non</strong></span> <span class='ocrx_word' id='word_1_140' title='bbox 751 1442 783 1479; x_wconf 92' lang='lat' dir='ltr'><strong>si</strong></span> <span class='ocrx_word' id='word_1_141' title='bbox 810 1446 849 1479; x_wconf 88' lang='lat' dir='ltr'><strong>te</strong></span> <span class='ocrx_word' id='word_1_142' title='bbox 876 1442 1051 1494; x_wconf 85' lang='lat' dir='ltr'><strong>ruperis&#39;,</strong></span> <span class='ocrx_word' id='word_1_143' title='bbox 1079 1442 1212 1495; x_wconf 85' lang='lat' dir='ltr'><strong>inquit,</strong></span> 
     </span>
    </p>

    <p class='ocr_par' dir='ltr' id='par_1_8' title="bbox 106 1511 1450 2568">
     <span class='ocr_line' id='line_1_20' title="bbox 213 1511 424 1567; baseline -0.009 -15"><span class='ocrx_word' id='word_1_144' title='bbox 213 1526 299 1567; x_wconf 41' lang='lat' dir='ltr'><strong>‘par</strong></span> <span class='ocrx_word' id='word_1_145' title='bbox 328 1511 424 1552; x_wconf 89' lang='lat' dir='ltr'><strong>eris.&#39;</strong></span> 
     </span>
     <span class='ocr_line' id='line_1_21' title="bbox 110 1584 1449 1640; baseline -0.001 -14"><span class='ocrx_word' id='word_1_146' title='bbox 110 1586 296 1640; x_wconf 85' lang='lat' dir='ltr'><strong>Expressi</strong></span> <span class='ocrx_word' id='word_1_147' title='bbox 335 1587 373 1624; x_wconf 87' lang='lat' dir='ltr'><strong>in</strong></span> <span class='ocrx_word' id='word_1_148' title='bbox 416 1584 669 1624; x_wconf 83' lang='lat' dir='ltr'><strong>exscribendo</strong></span> <span class='ocrx_word' id='word_1_149' title='bbox 715 1585 803 1624; x_wconf 89' lang='lat' dir='ltr'><strong>loco</strong></span> <span class='ocrx_word' id='word_1_150' title='bbox 849 1598 934 1623; x_wconf 84' lang='lat' dir='ltr'><strong>eam</strong></span> <span class='ocrx_word' id='word_1_151' title='bbox 974 1585 1183 1624; x_wconf 83' lang='lat' dir='ltr'><strong>verborum</strong></span> <span class='ocrx_word' id='word_1_152' title='bbox 1222 1586 1319 1634; x_wconf 80' lang='lat' dir='ltr'><strong>inter</strong></span> <span class='ocrx_word' id='word_1_153' title='bbox 1353 1584 1449 1624; x_wconf 79' lang='lat' dir='ltr'><strong>duas</strong></span> 
     </span>
     <span class='ocr_line' id='line_1_22' title="bbox 109 1655 1449 1711; baseline -0.003 -13"><span class='ocrx_word' id='word_1_154' title='bbox 109 1671 231 1707; x_wconf 76' lang='lat' dir='ltr'><strong>ranas,</strong></span> <span class='ocrx_word' id='word_1_155' title='bbox 260 1670 358 1711; x_wconf 80' lang='lat' dir='ltr'><strong>quae</strong></span> <span class='ocrx_word' id='word_1_156' title='bbox 378 1655 643 1709; x_wconf 86' lang='lat' dir='ltr'><strong>colloquentes</strong></span> <span class='ocrx_word' id='word_1_157' title='bbox 668 1655 911 1703; x_wconf 70' lang='lat' dir='ltr'><strong>inducuntur,</strong></span> <span class='ocrx_word' id='word_1_158' title='bbox 938 1656 1171 1703; x_wconf 77' lang='lat' dir='ltr'><strong>divisionem,</strong></span> <span class='ocrx_word' id='word_1_159' title='bbox 1199 1669 1298 1709; x_wconf 88' lang='lat' dir='ltr'><strong>quae</strong></span> <span class='ocrx_word' id='word_1_160' title='bbox 1315 1668 1449 1694; x_wconf 86' lang='lat' dir='ltr'><strong>recen-</strong></span> 
     </span>
     <span class='ocr_line' id='line_1_23' title="bbox 109 1714 1450 1781; baseline -0.002 -13"><span class='ocrx_word' id='word_1_161' title='bbox 109 1730 262 1768; x_wconf 87' lang='lat' dir='ltr'><strong>tissimis</strong></span> <span class='ocrx_word' id='word_1_162' title='bbox 281 1727 488 1766; x_wconf 82' lang='lat' dir='ltr'><strong>editoribus</strong></span> <span class='ocrx_word' id='word_1_163' title='bbox 507 1727 666 1779; x_wconf 84' lang='lat' dir='ltr'><strong>probata</strong></span> <span class='ocrx_word' id='word_1_164' title='bbox 682 1732 752 1765; x_wconf 89' lang='lat' dir='ltr'><strong>est.</strong></span> <span class='ocrx_word' id='word_1_165' title='bbox 768 1714 845 1766; x_wconf 78' lang='lat' dir='ltr'><strong>·&#39;At</strong></span> <span class='ocrx_word' id='word_1_166' title='bbox 863 1728 947 1781; x_wconf 88' lang='lat' dir='ltr'><strong>quis</strong></span> <span class='ocrx_word' id='word_1_167' title='bbox 966 1727 1036 1766; x_wconf 85' lang='lat' dir='ltr'><strong>sibi</strong></span> <span class='ocrx_word' id='word_1_168' title='bbox 1055 1728 1296 1780; x_wconf 78' lang='lat' dir='ltr'><strong>persuaserit,</strong></span> <span class='ocrx_word' id='word_1_169' title='bbox 1317 1740 1450 1765; x_wconf 85' lang='lat' dir='ltr'><strong>ranam</strong></span> 
     </span>
     <span class='ocr_line' id='line_1_24' title="bbox 108 1796 1450 1851; baseline -0.003 -11"><span class='ocrx_word' id='word_1_170' title='bbox 108 1806 200 1840; x_wconf 86' lang='lat' dir='ltr'><strong>natu</strong></span> <span class='ocrx_word' id='word_1_171' title='bbox 228 1799 424 1846; x_wconf 86' lang='lat' dir='ltr'><strong>minorem,</strong></span> <span class='ocrx_word' id='word_1_172' title='bbox 452 1798 600 1837; x_wconf 84' lang='lat' dir='ltr'><strong>etiamsi</strong></span> <span class='ocrx_word' id='word_1_173' title='bbox 626 1810 704 1837; x_wconf 88' lang='lat' dir='ltr'><strong>non</strong></span> <span class='ocrx_word' id='word_1_174' title='bbox 731 1797 846 1837; x_wconf 81' lang='lat' dir='ltr'><strong>fuerit</strong></span> <span class='ocrx_word' id='word_1_175' title='bbox 871 1812 920 1837; x_wconf 83' lang='lat' dir='ltr'><strong>ex</strong></span> <span class='ocrx_word' id='word_1_176' title='bbox 937 1797 1002 1837; x_wconf 91' lang='lat' dir='ltr'><strong>illo</strong></span> <span class='ocrx_word' id='word_1_177' title='bbox 1030 1797 1293 1851; x_wconf 73' lang='lat' dir='ltr'><strong>An&#39;stophanis</strong></span> <span class='ocrx_word' id='word_1_178' title='bbox 1320 1796 1450 1844; x_wconf 84' lang='lat' dir='ltr'><strong>choro,</strong></span> 
     </span>
     <span class='ocr_line' id='line_1_25' title="bbox 106 1869 1450 1923; baseline -0.001 -13"><span class='ocrx_word' id='word_1_179' title='bbox 106 1874 157 1911; x_wconf 89' lang='lat' dir='ltr'><strong>ita</strong></span> <span class='ocrx_word' id='word_1_180' title='bbox 178 1878 305 1911; x_wconf 88' lang='lat' dir='ltr'><strong>tamen</strong></span> <span class='ocrx_word' id='word_1_181' title='bbox 322 1870 435 1923; x_wconf 87' lang='lat' dir='ltr'><strong>plane</strong></span> <span class='ocrx_word' id='word_1_182' title='bbox 454 1869 613 1909; x_wconf 79' lang='lat' dir='ltr'><strong>deliram</strong></span> <span class='ocrx_word' id='word_1_183' title='bbox 639 1870 766 1916; x_wconf 67' lang='lat' dir='ltr'><strong>suisne,</strong></span> <span class='ocrx_word' id='word_1_184' title='bbox 793 1876 835 1908; x_wconf 94' lang='lat' dir='ltr'><strong>ut</strong></span> <span class='ocrx_word' id='word_1_185' title='bbox 853 1870 1024 1917; x_wconf 86' lang='lat' dir='ltr'><strong>bestiam,</strong></span> <span class='ocrx_word' id='word_1_186' title='bbox 1044 1875 1178 1916; x_wconf 81' lang='lat' dir='ltr'><strong>matre,</strong></span> <span class='ocrx_word' id='word_1_187' title='bbox 1203 1870 1235 1908; x_wconf 82' lang='lat' dir='ltr'><strong>si</strong></span> <span class='ocrx_word' id='word_1_188' title='bbox 1252 1870 1450 1909; x_wconf 86' lang='lat' dir='ltr'><strong>minimum</strong></span> 
     </span>
     <span class='ocr_line' id='line_1_26' title="bbox 109 1939 1449 1995; baseline -0.004 -12"><span class='ocrx_word' id='word_1_189' title='bbox 109 1943 286 1990; x_wconf 90' lang='lat' dir='ltr'><strong>dicimus,</strong></span> <span class='ocrx_word' id='word_1_190' title='bbox 329 1940 508 1995; x_wconf 87' lang='lat' dir='ltr'><strong>centuplo</strong></span> <span class='ocrx_word' id='word_1_191' title='bbox 535 1941 737 1988; x_wconf 75' lang='lat' dir='ltr'><strong>maiorem,</strong></span> <span class='ocrx_word' id='word_1_192' title='bbox 771 1954 816 1980; x_wconf 87' lang='lat' dir='ltr'><strong>ea</strong></span> <span class='ocrx_word' id='word_1_193' title='bbox 844 1940 1013 1993; x_wconf 52' lang='lat' dir='ltr'><strong>‘dimidio</strong></span> <span class='ocrx_word' id='word_1_194' title='bbox 1047 1940 1245 1979; x_wconf 83' lang='lat' dir='ltr'><strong>maiorem’</strong></span> <span class='ocrx_word' id='word_1_195' title='bbox 1274 1939 1449 1980; x_wconf 81' lang='lat' dir='ltr'><strong>diceret?</strong></span> 
     </span>
     <span class='ocr_line' id='line_1_27' title="bbox 109 2004 1449 2065; baseline -0.002 -11"><span class='ocrx_word' id='word_1_196' title='bbox 109 2015 168 2054; x_wconf 90' lang='lat' dir='ltr'><strong>Ad</strong></span> <span class='ocrx_word' id='word_1_197' title='bbox 186 2014 392 2053; x_wconf 87' lang='lat' dir='ltr'><strong>tollendam</strong></span> <span class='ocrx_word' id='word_1_198' title='bbox 420 2012 694 2051; x_wconf 81' lang='lat' dir='ltr'><strong>dubitationem</strong></span> <span class='ocrx_word' id='word_1_199' title='bbox 713 2018 866 2051; x_wconf 81' lang='lat' dir='ltr'><strong>veteres</strong></span> <span class='ocrx_word' id='word_1_200' title='bbox 880 2013 1107 2065; x_wconf 70' lang='lat' dir='ltr'><strong>interpretes</strong></span> <span class='ocrx_word' id='word_1_201' title='bbox 1124 2004 1449 2061; x_wconf 53' lang='lat' dir='ltr'><strong>nihil&#39;conferunt,</strong></span> 
     </span>
     <span class='ocr_line' id='line_1_28' title="bbox 109 2082 1450 2137; baseline -0.001 -13"><span class='ocrx_word' id='word_1_202' title='bbox 109 2086 200 2124; x_wconf 90' lang='lat' dir='ltr'><strong>satis</strong></span> <span class='ocrx_word' id='word_1_203' title='bbox 228 2084 329 2123; x_wconf 91' lang='lat' dir='ltr'><strong>enim</strong></span> <span class='ocrx_word' id='word_1_204' title='bbox 349 2082 491 2122; x_wconf 86' lang='lat' dir='ltr'><strong>habent</strong></span> <span class='ocrx_word' id='word_1_205' title='bbox 516 2082 763 2136; x_wconf 74' lang='lat' dir='ltr'><strong>adscripsisse</strong></span> <span class='ocrx_word' id='word_1_206' title='bbox 777 2082 891 2122; x_wconf 88' lang='lat' dir='ltr'><strong>haec:</strong></span> <span class='ocrx_word' id='word_1_207' title='bbox 921 2084 1053 2136; x_wconf 53' lang='lat' dir='ltr'><strong>‘maior</strong></span> <span class='ocrx_word' id='word_1_208' title='bbox 1073 2084 1124 2137; x_wconf 93' lang='lat' dir='ltr'><strong>d.]</strong></span> <span class='ocrx_word' id='word_1_209' title='bbox 1144 2083 1197 2123; x_wconf 89' lang='lat' dir='ltr'><strong>ita</strong></span> <span class='ocrx_word' id='word_1_210' title='bbox 1211 2089 1255 2124; x_wconf 83' lang='lat' dir='ltr'><strong>ut</strong></span> <span class='ocrx_word' id='word_1_211' title='bbox 1273 2098 1392 2124; x_wconf 92' lang='lat' dir='ltr'><strong>unum</strong></span> <span class='ocrx_word' id='word_1_212' title='bbox 1412 2090 1450 2123; x_wconf 87' lang='lat' dir='ltr'><strong>et</strong></span> 
     </span>
     <span class='ocr_line' id='line_1_29' title="bbox 109 2155 1448 2210; baseline -0.001 -14"><span class='ocrx_word' id='word_1_213' title='bbox 109 2157 224 2196; x_wconf 89' lang='lat' dir='ltr'><strong>semis</strong></span> <span class='ocrx_word' id='word_1_214' title='bbox 250 2155 408 2194; x_wconf 86' lang='lat' dir='ltr'><strong>haberet</strong></span> <span class='ocrx_word' id='word_1_215' title='bbox 439 2156 710 2209; x_wconf 74' lang='lat' dir='ltr'><strong>magnitudinis</strong></span> <span class='ocrx_word' id='word_1_216' title='bbox 732 2156 927 2204; x_wconf 82' lang='lat' dir='ltr'><strong>modum’3</strong></span> <span class='ocrx_word' id='word_1_217' title='bbox 965 2156 1215 2204; x_wconf 77' lang='lat' dir='ltr'><strong>recentiores,</strong></span> <span class='ocrx_word' id='word_1_218' title='bbox 1243 2162 1448 2210; x_wconf 87' lang='lat' dir='ltr'><strong>postquam</strong></span> 
     </span>
     <span class='ocr_line' id='line_1_30' title="bbox 109 2212 1448 2282; baseline -0.001 -13"><span class='ocrx_word' id='word_1_219' title='bbox 109 2242 186 2269; x_wconf 86' lang='lat' dir='ltr'><strong>non</strong></span> <span class='ocrx_word' id='word_1_220' title='bbox 219 2227 332 2282; x_wconf 88' lang='lat' dir='ltr'><strong>pauci</strong></span> <span class='ocrx_word' id='word_1_221' title='bbox 369 2239 550 2280; x_wconf 87' lang='lat' dir='ltr'><strong>perverse</strong></span> <span class='ocrx_word' id='word_1_222' title='bbox 583 2227 631 2267; x_wconf 89' lang='lat' dir='ltr'><strong>de</strong></span> <span class='ocrx_word' id='word_1_223' title='bbox 658 2232 740 2267; x_wconf 89' lang='lat' dir='ltr'><strong>toto</strong></span> <span class='ocrx_word' id='word_1_224' title='bbox 767 2226 854 2267; x_wconf 89' lang='lat' dir='ltr'><strong>loco</strong></span> <span class='ocrx_word' id='word_1_225' title='bbox 883 2212 1139 2282; x_wconf 74' lang='lat' dir='ltr'><strong>disputarunt,</strong></span> <span class='ocrx_word' id='word_1_226' title='bbox 1173 2241 1287 2267; x_wconf 86' lang='lat' dir='ltr'><strong>nemo</strong></span> <span class='ocrx_word' id='word_1_227' title='bbox 1318 2232 1448 2267; x_wconf 81' lang='lat' dir='ltr'><strong>tamen</strong></span> 
     </span>
     <span class='ocr_line' id='line_1_31' title="bbox 108 2298 1446 2355; baseline 0 -15"><span class='ocrx_word' id='word_1_228' title='bbox 108 2300 326 2355; x_wconf 83' lang='lat' dir='ltr'><strong>perversius</strong></span> <span class='ocrx_word' id='word_1_229' title='bbox 353 2313 469 2352; x_wconf 89' lang='lat' dir='ltr'><strong>quam</strong></span> <span class='ocrx_word' id='word_1_230' title='bbox 487 2299 528 2337; x_wconf 92' lang='grc' dir='ltr'><strong>Ρ.</strong></span> <span class='ocrx_word' id='word_1_231' title='bbox 549 2298 794 2339; x_wconf 82' lang='lat' dir='ltr'><strong>Burmannus</strong></span> <span class='ocrx_word' id='word_1_232' title='bbox 818 2300 866 2340; x_wconf 88' lang='lat' dir='ltr'><strong>ad</strong></span> <span class='ocrx_word' id='word_1_233' title='bbox 885 2300 1045 2339; x_wconf 85' lang='lat' dir='ltr'><strong>Phaedr.</strong></span> <span class='ocrx_word' id='word_1_234' title='bbox 1062 2299 1086 2338; x_wconf 87' lang='lat' dir='ltr'><strong>l.</strong></span> <span class='ocrx_word' id='word_1_235' title='bbox 1102 2301 1164 2346; x_wconf 82' lang='lat'><strong>24,</strong></span> <span class='ocrx_word' id='word_1_236' title='bbox 1192 2313 1238 2338; x_wconf 88' lang='lat' dir='ltr'><strong>eo</strong></span> <span class='ocrx_word' id='word_1_237' title='bbox 1257 2300 1337 2339; x_wconf 83' lang='lat' dir='ltr'><strong>fere</strong></span> <span class='ocrx_word' id='word_1_238' title='bbox 1356 2313 1446 2340; x_wconf 88' lang='lat' dir='ltr'><strong>con-</strong></span> 
     </span>
     <span class='ocr_line' id='line_1_32' title="bbox 110 2371 1448 2426; baseline -0.001 -14"><span class='ocrx_word' id='word_1_239' title='bbox 110 2373 361 2426; x_wconf 84' lang='lat' dir='ltr'><strong>spiraverunt,</strong></span> <span class='ocrx_word' id='word_1_240' title='bbox 395 2376 437 2409; x_wconf 90' lang='lat' dir='ltr'><strong>ut</strong></span> <span class='ocrx_word' id='word_1_241' title='bbox 464 2384 607 2418; x_wconf 85' lang='lat' dir='ltr'><strong>ranam,</strong></span> <span class='ocrx_word' id='word_1_242' title='bbox 648 2375 782 2425; x_wconf 85' lang='lat' dir='ltr'><strong>utpote</strong></span> <span class='ocrx_word' id='word_1_243' title='bbox 811 2371 961 2411; x_wconf 87' lang='lat' dir='ltr'><strong>brutam</strong></span> <span class='ocrx_word' id='word_1_244' title='bbox 994 2371 1156 2418; x_wconf 87' lang='lat' dir='ltr'><strong>beluam,</strong></span> <span class='ocrx_word' id='word_1_245' title='bbox 1195 2376 1341 2410; x_wconf 83' lang='lat' dir='ltr'><strong>certam</strong></span> <span class='ocrx_word' id='word_1_246' title='bbox 1369 2385 1448 2410; x_wconf 84' lang='lat' dir='ltr'><strong>ma-</strong></span> 
     </span>
     <span class='ocr_line' id='line_1_33' title="bbox 112 2442 1448 2498; baseline -0.001 -16"><span class='ocrx_word' id='word_1_247' title='bbox 112 2443 318 2498; x_wconf 81' lang='lat' dir='ltr'><strong>gnitudinis</strong></span> <span class='ocrx_word' id='word_1_248' title='bbox 345 2455 564 2482; x_wconf 86' lang='lat' dir='ltr'><strong>mensuram</strong></span> <span class='ocrx_word' id='word_1_249' title='bbox 581 2442 754 2495; x_wconf 12' lang='lat' dir='ltr'><strong>*novisse</strong></span> <span class='ocrx_word' id='word_1_250' title='bbox 790 2448 940 2497; x_wconf 86' lang='lat' dir='ltr'><strong>negent,</strong></span> <span class='ocrx_word' id='word_1_251' title='bbox 966 2442 1080 2496; x_wconf 91' lang='lat' dir='ltr'><strong>idque</strong></span> <span class='ocrx_word' id='word_1_252' title='bbox 1108 2444 1156 2482; x_wconf 86' lang='lat' dir='ltr'><strong>ad</strong></span> <span class='ocrx_word' id='word_1_253' title='bbox 1185 2443 1448 2496; x_wconf 84' lang='lat' dir='ltr'><strong>Aesopeorum</strong></span> 
     </span>
     <span class='ocr_line' id='line_1_34' title="bbox 112 2505 1450 2568; baseline -0.002 -12"><span class='ocrx_word' id='word_1_254' title='bbox 112 2529 333 2557; x_wconf 81' lang='lat' dir='ltr'><strong>sermonum</strong></span> <span class='ocrx_word' id='word_1_255' title='bbox 372 2514 589 2555; x_wconf 83' lang='lat' dir='ltr'><strong>libertatem</strong></span> <span class='ocrx_word' id='word_1_256' title='bbox 627 2505 818 2568; x_wconf 81' lang='lat' dir='ltr'><strong>pertinere</strong></span> <span class='ocrx_word' id='word_1_257' title='bbox 860 2514 1041 2555; x_wconf 86' lang='lat' dir='ltr'><strong>dictitent.</strong></span> <span class='ocrx_word' id='word_1_258' title='bbox 1101 2516 1153 2555; x_wconf 89' lang='lat' dir='ltr'><strong>At</strong></span> <span class='ocrx_word' id='word_1_259' title='bbox 1185 2515 1257 2555; x_wconf 87' lang='lat' dir='ltr'><strong>ista</strong></span> <span class='ocrx_word' id='word_1_260' title='bbox 1294 2513 1450 2554; x_wconf 84' lang='lat' dir='ltr'><strong>libertas</strong></span> 
     </span>
    </p>
   </div>
   <div class='ocr_carea' id='block_1_3' title="bbox 1419 2654 1460 2692">
    <p class='ocr_par' dir='ltr' id='par_1_9' title="bbox 1419 2654 1460 2692">
     <span class='ocr_line' id='line_1_35' title="bbox 1419 2654 1460 2692; baseline 0 -26"><span class='ocrx_word' id='word_1_261' title='bbox 1419 2654 1460 2692; x_wconf 39' lang='grc' dir='ltr'><strong>ᾗ,</strong></span> 
     </span>
    </p>
   </div>
  </div>
 </body>
</html>
