1669 2839
789 99 856 146 44

152 213 231 248 tota
248 215 310 249 ⁴ex
337 210 469 251 calore
490 213 583 251 'nata
611 211 679 258 sit,
718 207 902 249 nonnulla
942 211 1198 264 reperiantur,
1237 223 1338 264 quae
1365 210 1501 252 tollere

151 279 266 329 velis,
303 287 343 320 at
364 283 487 323 *ferri
515 282 652 322 dieitur
680 282 802 337 oratio
836 296 914 322 non
941 287 1100 336 propter
1126 282 1217 321 vitia
1243 282 1315 322 sed
1341 290 1501 337 propter

151 351 323 401 virtutes,
351 357 541 407 cauteque
564 353 799 393 versandum
815 366 901 392 esse
918 353 958 392 in
975 353 1068 408 ipsis
1094 351 1154 392 his
1180 352 1341 393 maculis
1368 353 1501 395 eluen-

150 421 219 471 dis,
247 422 469 477 praeclarus
503 424 595 464 artis
630 426 813 480 magister
841 422 1116 475 Quintilianus,
1156 423 1222 464 ubi
1249 424 1298 465 de
1332 427 1502 467 numeris

149 493 379 547 quibusdam
406 496 576 551 disputat
602 498 728 537 minus
755 498 794 537 in
822 497 995 536 oratione
1026 496 1222 545 iucundis,
1262 497 1416 551 egregie
1441 496 1502 537 his

148 564 277 615 verbis
305 568 503 622 'praecipit
540 567 623 619 (IX,
651 569 687 608 4.
718 568 826 620 112);
868 573 989 622 ιῑοῑιιε
1030 579 1127 606 vero
1161 566 1225 607 hic
1271 567 1382 608 locus
1422 582 1500 609 non

148 636 237 677 ideo
264 642 485 678 tractatura
504 639 641 687 nobis,
669 644 712 679 ut
739 640 878 687 oratio,
906 652 1005 693 quae
1032 639 1149 678 ferri
1177 637 1294 678 debet
1307 653 1353 679 ac
1368 639 1500 688 fluere,

149 707 390 749 dimetiendis
428 709 592 764 pedibus
630 724 676 751 ac
704 710 989 766 perpendendis
1028 708 1185 763 syllabis
1225 717 1499 752 consenescat:

149 793 238 820 nam
265 781 303 820 id
332 786 414 821 tum
451 782 583 822 miseri
618 786 700 822 tum
726 783 766 821 in
800 782 967 822 minimis
1006 781 1186 835 occupati
1213 781 1295 821 est!
1349 782 1500 833 Quodsi

152 852 191 892 in
204 852 317 892 nimis
338 853 469 893 multis
495 859 701 908 peccatum
729 854 796 902 sit,
823 867 901 893 non
927 854 1059 900 ferri,
1087 852 1159 893 nisi
1186 854 1278 908 quid
1301 868 1364 894 me
1391 855 1500 910 fugit,

147 936 304 963 carmen
330 924 395 964 vel
423 926 638 965 orationem
664 926 814 973 dicunt,
842 925 911 964 sed
939 924 1089 970 fundi,
1116 922 1247 977 paullo
1274 925 1400 964 minus
1427 938 1498 964 no-

147 993 212 1034 bili
238 994 448 1036 vocabulo:
490 997 736 1051 omninoque,
763 996 868 1050 quod
903 995 1174 1051 gravissimum
1207 1001 1284 1044 est,
1312 1001 1500 1051 quantum

149 1066 331 1120 equidem
357 1068 523 1117 memini,
563 1068 677 1109 ferri
706 1068 754 1108 de
788 1068 966 1108 universa
1004 1072 1155 1107 tantum
1188 1067 1360 1108 oratione
1388 1081 1433 1107 ea
1462 1068 1500 1107 vi

145 1127 323 1191 ponitur,
355 1153 552 1194 nunquam
579 1140 628 1180 de
656 1140 815 1195 singulis
833 1138 1045 1180 vocabulis.
1089 1138 1142 1179 Ut
1160 1139 1378 1179 inveniatur
1394 1138 1500 1188 illud,

146 1210 251 1264 quod
279 1211 433 1266 scripsit
459 1210 660 1259 Horatius,
701 1211 908 1265 plurimum
949 1211 1041 1251 mihi
1075 1210 1229 1250 videtur
1254 1209 1501 1251 tribuendum

147 1295 233 1321 esse
257 1282 331 1336 ipsi
368 1281 559 1323 formulae
594 1282 701 1323 loeo
735 1296 939 1322 movere.
995 1282 1093 1322 Eam
1121 1282 1356 1336 antiquiores
1381 1283 1499 1328 inter-

147 1358 277 1406 pretes
305 1353 354 1393 ad
382 1353 615 1408 gladiatores
640 1353 864 1401 retulerunt,
900 1354 964 1407 qui
997 1354 1191 1393 interdum
1223 1352 1313 1392 loeo
1352 1354 1501 1392 moveri

146 1423 343 1464 dicuntur:
370 1430 601 1480 at'apparet,
628 1426 700 1466 nisi
724 1424 846 1473 fallor,
872 1424 989 1480 longe
1010 1426 1154 1466 rectius
1180 1425 1348 1466 iudicare
1366 1438 1500 1465 recen-

146 1495 282 1543 tiores„
323 1497 389 1551 qui
415 1496 463 1536 de
491 1496 734 1537 senatoribus
762 1497 934 1552 cogitant
970 1502 1108 1538 senatu
1140 1497 1276 1544 motis,
1317 1496 1499 1550 quoniam

143 1566 292 1607 honore
316 1568 460 1623 indigni
486 1568 724 1610 viderentur:
751 1568 1000 1609 nobilitantur
1027 1570 1129 1609 enim
1150 1568 1351 1616 vocabula,
1378 1582 1498 1622 quum

144 1652 165 1676 a
190 1640 316 1692 poetis
342 1641 381 1679 in
408 1640 582 1679 ordinem
609 1639 858 1694 recipiuntur,
884 1641 1056 1694 ipsisque
1082 1639 1339 1681 honorificum
1367 1645 1444 1688 est,
1467 1640 1499 1681 si

144 1709 236 1763 quid
264 1710 467 1750 conferunt
483 1710 533 1750 ad
550 1710 702 1765 pulchri
719 1712 897 1752 carminis
915 1712 1205 1765 perfectionem.
1249 1710 1360 1762 Quae
1378 1724 1498 1765 quum

143 1781 196 1819 ita
223 1781 310 1828 sint,
336 1780 435 1821 haec
462 1782 642 1822 videntur
669 1795 691 1821 a
718 1788 835 1836 poeta
861 1783 1005 1836 scripta
1033 1796 1140 1822 esse:

246 1851 414 1901 audebit,
443 1866 699 1908 quaecunque
725 1867 863 1908 parum
890 1853 1107 1906 splendoris
1132 1850 1330 1892 habebunt

246 1930 286 1964 et
312 1925 395 1964 sine
423 1924 596 1979 pondere
624 1930 737 1965 erunt
765 1930 805 1965 et
828 1924 976 1966 honore
1003 1925 1159 1980 indigna
1186 1924 1419 1971 fruentur,

250 1995 369 2036 verba
397 2008 556 2035 movere
581 1996 680 2037 loco.

144 2067 227 2110 Sat.
254 2066 280 2108 l.
308 2068 344 2108 4.
372 2067 423 2106 22
451 2081 534 2123 sqq.
562 2067 649 2108 libri
675 2066 773 2108 haec
800 2068 962 2109 habent:

782 2153 872 2180 cum
898 2153 985 2180 mea
1010 2153 1126 2181 nemo

246 2212 388 2265 scripta
415 2210 521 2267 legat
548 2210 665 2267 volgo
694 2213 858 2253 recitare
884 2211 1053 2252 timentis
1080 2210 1129 2252 ob
1158 2210 1256 2251 hanc
1282 2224 1377 2258 rem,

248 2283 352 2337 quod
378 2288 478 2332 sunt,
507 2297 606 2339 quos
626 2298 750 2340 genus
776 2283 852 2325 hoc
878 2285 1034 2325 minime
1061 2286 1179 2333 iuvat,
1207 2287 1342 2337 utpote
1366 2281 1496 2336 plures

248 2354 396 2407 culpari
423 2355 571 2410 dignos.

142 2425 184 2465 In
211 2425 272 2465 his
303 2425 597 2480 interpretandis
641 2433 795 2468 veteres
836 2433 1162 2469 commentatores
1194 2428 1246 2467 ita
1281 2431 1494 2476 versantur,

141 2503 185 2538 ut
212 2511 281 2539 eos
323 2501 390 2537 aut
434 2496 696 2542 difficultatem
739 2499 874 2542 callide
902 2500 1063 2551 celasse,
1101 2505 1167 2542 aut
1207 2498 1287 2539 suis
1319 2498 1357 2539 in
1389 2498 1494 2541 libris

1659 2427 1669 2482 -ῃ,
