1669 2839
803 66 898 151 1342,

175 194 379 255 ‹ptoininus
417 193 607 240 adsentiar
640 201 721 253 ipsa
740 199 833 238 loci
862 200 1048 239 sententia
1076 197 1314 252 prohibeor.
1322 185 1518 254 Apparet

174 269 295 319 enim,
341 267 548 327 'ligellium
571 269 740 313 Horatio
781 271 952 325 ineptum
992 270 1119 310 visum
1158 284 1243 314 esse
1284 269 1431 310 duabus
1468 270 1517 310 de

159 326 319 383 *usi-0³:
346 357 435 383 nam
462 341 501 382 et
518 344 627 383 idem
650 345 773 398 usque
801 343 1004 384 canticum
1021 341 1252 396 'aliquamdiu
1278 341 1450 389 iterabat,
1469 347 1518 381 et

173 415 335 454 iterabat
360 416 423 463 ita,
452 420 503 462 ut,
532 417 684 469 quoties
712 416 759 455 ad
790 416 871 454 eius
897 416 1043 455 initium
1073 413 1223 460 iediret,
1252 412 1368 454 alium
1396 425 1446 453 ex
1471 414 1516 453 iis

174 487 289 532 tonis,
332 486 475 539 quibus
498 488 633 526 musici
661 485 837 534 utuntur,
877 487 948 525 sibi
984 490 1153 525 sumeret
1190 485 1421 538 modosque,
1462 485 1517 523 uti

172 570 273 596 nunc
313 557 540 612 loquuntur,
582 556 934 613 transponeret,
975 571 1020 596 ac
1048 571 1116 610 per
1150 556 1321 611 singulos
1354 556 1516 596 scalae

171 629 279 668 locos
307 628 360 669 ad'
381 631 489 670 vocis
532 633 758 673 varietatem
776 659 777 662 =
797 630 1064 670 ostentandam
1102 629 1218 668 modo
1254 624 1516 675 adscenderet,

173 700 292 740 modo
314 702 573 755 descenderet.
630 702 727 742 Tale
754 703 843 756 quid
873 703 935 756 qui
965 716 1132 755 unquam
1159 702 1405 748 audiverunt,
1425 714 1516 745 ,non

172 773 413 827 ignorabunt,
443 787 557 827 quam
585 773 788 813 ridiculum
809 788 855 813 ac
875 774 987 827 plane
1014 773 1253 813 intolerabile
1278 773 1338 813 sit.
1383 771 1515 826 ltaque

172 859 248 884 non
276 845 404 892 credo,
433 844 637 885 Horatium
661 846 758 885 duas
785 860 847 884 res
874 846 971 885 inter
999 860 1047 888 se„
1060 846 1240 890 diversas
1266 847 1316 884 ita
1344 846 1527 899 in‘unamr

172 917 379 964 conflasse,
413 918 521 971 quasi
549 931 681 957 earum
710 918 925 956 necessaria
953 917 1141 971 quaedam
1170 917 1386 971 coniunctio
1414 921 1514 955 esset

174 1003 298 1042 neque
326 989 428 1028 idem
452 990 644 1028 canticum
660 990 882 1043 saepissime
900 990 1027 1030 iterari
1047 994 1178 1042 posset
1203 988 1306 1028 nulla
1328 988 1514 1027 eiusmodi

174 1061 467 1114 transpositione
495 1060 673 1101 adhibita.
727 1059 805 1100 lmo
833 1074 1063 1115 persuasum¹
1087 1060 1176 1102 mihi
1213 1066 1288 1107 est,
1327 1060 1426 1099 idem
1454 1058 1515 1098 hic

173 1133 220 1170 ab
249 1146 295 1170 eo
325 1133 467 1171 factum
503 1145 606 1179 esse,
647 1133 750 1186 quod
792 1134 996 1172 fortasse
1037 1132 1099 1172 vel
1126 1134 1163 1171 in
1201 1133 1275 1171 hoc
1302 1146 1417 1171 versu
1444 1132 1514 1171 sibi

175 1203 390 1242 laciendum
418 1204 650 1243 existimavit
677 1218 792 1243 carm.
811 1203 836 1242 l.
855 1205 917 1244 31.
942 1206 1004 1243 17:
1032 1205 1118 1257 ‘frui
1148 1206 1287 1258 paratis
1315 1209 1359 1243 et
1388 1203 1513 1243 valido

174 1275 274 1321 milii,
302 1274 435 1322 Latoe,
464 1276 608 1315 dones?
660 1276 727 1315 Sic
754 1277 868 1330 igitur
895 1276 1046 1314 videtur
1073 1276 1286 1330 scripsisse:

250 1361 378 1400 usque
400 1347 447 1386 ad
473 1347 573 1386 mala
602 1348 737 1387 citaret
765 1349 816 1400 ⁴io
845 1347 1018 1387 Bacclie'
1047 1353 1090 1387 et
1116 1348 1231 1387 modo
1260 1362 1409 1387 summa
1458 1366 1467 1369 χ

251 1431 360 1465 voce,
388 1418 503 1457 modo
531 1418 615 1466 hac,
643 1424 798 1458 resonat
825 1433 924 1474 quae
952 1418 1107 1478 chordis
1130 1424 1308 1472 quattuor
1335 1420 1421 1460 ima.

278 1490 424 1529 Eadem
447 1491 715 1529 emendatione
733 1490 834 1529 hunc
862 1490 991 1529 locum
1013 1504 1127 1543 egere
1145 1490 1305 1529 arbitror
1325 1504 1439 1529 carm.
1457 1489 1513 1529 lll.

175 1561 230 1600 14.
264 1562 311 1599 ΙΟ
337 1575 440 1615 sqq.:

772 1649 853 1686 yos,
883 1649 904 1674 o
933 1635 1041 1689 pueri
1070 1639 1108 1673 et
1135 1634 1285 1689 puellae

414 1708 490 1746 iam
518 1709 641 1747 virum
671 1713 866 1761 expertae,
893 1707 993 1747 male
1021 1707 1237 1748 inominatis

413 1780 559 1832 parcite
586 1778 724 1819 verbis.

170 1851 358 1900 Quamvis
384 1851 487 1890 enim
515 1856 621 1890 recte
649 1852 866 1890 monuerint
902 1853 1147 1905 interpretes,
1181 1850 1364 1905 puellas
1398 1852 1512 1889 etiam

169 1928 328 1962 vocatas
356 1937 459 1971 esse,
503 1937 603 1977 quae
631 1937 720 1964 cum
761 1925 897 1963 marito
935 1928 1078 1971 essent,
1119 1937 1352 1978 magnopere
1384 1928 1511 1963 tamen

170 1994 322 2041 dubito,
350 2008 443 2034 num
470 2001 603 2049 aptum
631 1996 696 2042 sit,
725 2009 809 2043 eas,
837 2010 932 2049 quas
959 1994 1121 2034 Ovidius
1147 2009 1290 2034 nurus
1318 1994 1513 2049 appellare

170 2064 281 2113 solet,
310 2080 384 2105 una
399 2080 489 2106 cum
513 2067 670 2120 pueris
697 2068 894 2107 nominari.
934 2065 1035 2106 Nam
1056 2067 1119 2120 qui
1140 2066 1298 2106 eosdem
1315 2066 1377 2106 hic
1404 2080 1511 2120 pue-

170 2150 247 2184 ros
274 2137 347 2177 diei
374 2139 594 2192 opinantur,
632 2141 696 2193 qui
719 2135 835 2179 ‘antea
863 2140 1040 2192 ‘iuvenes
1066 2152 1190 2192 nuper
1216 2138 1395 2192 sospites'
1423 2139 1513 2178 dicti

173 2209 246 2247 sint
290 2210 471 2263 quoniam
504 2210 717 2251 incolumes
759 2225 847 2251 cum
890 2211 1065 2265 Augusto
1094 2224 1115 2249 e
1142 2209 1373 2250 Cantabrico
1411 2209 1512 2249 bello

173 2280 367 2329 redierint,
405 2282 687 2337 puellasque
715 2284 762 2322 de
789 2282 942 2321 illorum
977 2282 1160 2322 uxoribus
1198 2282 1511 2335 interpretantur:

173 2365 307 2391 eorum
335 2355 429 2394 ratio
456 2354 517 2393 vel
545 2356 632 2395 ideo
661 2354 868 2409 probabilis
894 2368 971 2394 non
999 2354 1165 2400 videtur,
1201 2354 1382 2408 quoniam
1409 2353 1515 2408 credi,

175 2425 239 2463 vix
260 2430 398 2478 potest,
425 2426 512 2465 illo's
532 2433 618 2480 post
634 2433 689 2467 tot
705 2427 920 2466 discrimina
941 2431 1119 2480 superata
1138 2427 1175 2465 in
1196 2425 1329 2465 urbem
1349 2424 1511 2465 redeun-

175 2501 233 2534 tes
262 2495 362 2536 male
386 2497 593 2537 inominata
617 2499 744 2552 aliquo
780 2497 967 2537 vocabulo
994 2510 1131 2537 usuros
1158 2497 1285 2536 fuisse.
1340 2499 1398 2537 Ac
1424 2510 1510 2537 sen-
