1669 2839
735 87 822 129 1239

98 205 551 257 ,demfflffconfugimuffi
595 212 719 251 quum>
739 203 913 251 apparet,
954 211 1027 250 per*
1049 202 1171 235 totum
1199 211 1352 239 carmen
1379 200 1442 239 vel

115 276 391 330 magnam'eius
410 278 556 328 partem
576 282 663 308 eam
687 268 957 321 interpretandi
975 269 1075 306 viam
1094 269 1332 321 sequendam
1346 283 1442 309 esse.

115 348 200 388 Hoc
238 354 364 387 tamen
398 351 436 385 et
462 341 626 382 Orellius
654 347 693 380 et
720 340 781 380 alii
817 346 921 380 recte
963 346 1177 389 senserunt,
1218 340 1443 395 discipulum

98 420 295 474 *magistro
323 417 434 456 valde
462 412 630 468 probari:
659 425 734 466 quo
753 425 871 465 quum
891 411 1095 459 adficimus,
1124 414 1224 465 ipsas
1253 414 1443 466 quaestio-

66 522 70 523 .
116 506 184 531 nes
211 491 392 544 magistro
427 499 503 526 non
541 484 671 525 faciles
712 484 830 524 videri
865 476 988 537 (quod
1011 485 1042 523 si
1069 498 1180 524 secus
1208 499 1249 524 se
1275 484 1444 531 haberet,

115 575 191 601 non
216 561 349 599 fuisset
372 557 495 604 laudis
522 562 599 596 tam
614 557 828 611 prodigus),
856 561 942 610 apte
969 555 1074 594 illum
1099 557 1237 597 fecisse
1262 556 1444 595 iudicabi—

103 647 211 679 mus,
239 628 613 669 si.eadem.f0rmula
641 643 732 668 usus
760 634 827 676 est,
857 642 930 681 qua
949 627 1072 667 adhuc
1091 627 1241 674 utimur,
1270 632 1311 666 ut
1329 628 1445 681 signi—

116 703 271 743 ficemus
310 698 472 739 difficilia
506 713 574 738 nos
602 701 852 754 interrogare,
892 704 930 737 at
958 699 1071 737 etiam
1113 699 1299 738 eiusmodi
1340 701 1444 738 oneri

117 787 294 828 patemo
323 772 431 810 nobis
468 771 597 810 haberi
639 770 876 825 discipulum.
932 769 1045 819 Quod
1080 771 1110 808 si
1146 769 1282 817 voluit,
1325 772 1374 808 ita
1412 772 1445 809 ei

119 840 350 900 loquendum
380 844 467 883 fuit:

547 919 597 965 ‘si
624 917 670 955 de
697 918 909 969 quincunce
936 921 1081 953 remota
1110 921 1167 953 est

361 989 479 1035 uncia,
510 988 598 1042 quid
625 986 810 1041 superat?
837 987 1018 1040 poteris
1044 986 1207 1026 dixisse.'

121 1060 304 1099 Poteris
333 1059 435 1112 quod
462 1059 559 1098 redit
576 1061 612 1098 in
632 1073 746 1098 versu
772 1059 946 1112 proxime
974 1063 1167 1111 sequente,
1197 1072 1335 1099 eonon
1355 1066 1448 1113 puto

121 1132 379 1170 coniecturam
407 1145 530 1170 meam
558 1130 696 1170 refelli:
725 1130 878 1170 auribus
907 1131 1006 1169 enim
1033 1129 1129 1169 haec
1156 1136 1448 1186 ‘poteras-pot-

122 1203 210 1242 eris'
238 1203 343 1241 iuxta
376 1203 498 1256 posita
536 1204 600 1242 vix
641 1202 863 1242 iucundiora
899 1215 985 1241 esse
1016 1201 1186 1241 arbitror.
1241 1201 1449 1257 Longeque

100 1304 103 1307 -
125 1275 280 1315 maioris,
301 1276 483 1313 momenti
509 1275 583 1314 hoc
612 1280 678 1322 est,
708 1274 1173 1327 quodobservassemihi
1199 1275 1341 1322 videor,
1369 1275 1449 1322 HQ—

101 1347 258 1386 vratium
286 1346 450 1400 perfecti·
470 1348 651 1401 temporis
678 1346 879 1386 infinitivos
914 1361 1002 1386 cum
1028 1348 1073 1386 iis
1099 1348 1337 1400 potissimum
1365 1362 1451 1387 ver-

125 1419 179 1457 bis
213 1419 460 1472 coniungere,
502 1433 665 1472 quorum
693 1433 736 1458 ea
764 1420 822 1457 vis
862 1424 934 1465 est,
976 1425 1016 1457 ut
1034 1426 1123 1458 tota
1156 1421 1202 1459 ad
1245 1421 1450 1460 futurum

125 1494 274 1542 tempus
303 1494 486 1542 spectent.
544 1489 602 1528 Ex
630 1503 675 1528 eo
704 1503 845 1544 genere
872 1489 968 1529 haec
996 1495 1102 1528 sunt:
1145 1490 1324 1531 humasse
1362 1493 1453 1533 velit

62 1578 66 1581 “
102 1565 191 1598 sat.
221 1559 264 1598 ll.
293 1560 327 1598 3.
360 1560 442 1598 187.
482 1561 601 1599 nolint
641 1562 809 1614 tetigisse
845 1566 913 1598 sat.
941 1561 963 1598 l.
999 1563 1032 1599 2.
1063 1562 1123 1599 28.
1166 1576 1294 1602 cures>
1316 1566 1453 1605 fecisse

101 1665 102 1668 ,
126 1633 232 1685 epist.
260 1631 285 1670 I.
314 1632 372 1670 17.
401 1632 435 1669 5.
478 1632 718 1684 perspexisse
755 1631 927 1671 laborant
966 1646 998 1671 a.
1025 1647 1058 1685 p.
1088 1633 1173 1673 435.
1217 1638 1451 1676 commisisse

94 1727 105 1731 -
125 1701 236 1742 cavet
263 1717 296 1741 a.
325 1717 361 1757 p.
393 1704 473 1743 168.
503 1704 670 1758 tetigisse
699 1704 831 1742 timent
859 1704 1083 1758 fugiuntque
1111 1720 1141 1744 a.
1164 1720 1197 1760 p.
1226 1707 1312 1746 455.
1343 1707 1389 1747 al.

228 1774 359 1813 Simile
396 1776 574 1829 quiddam
611 1775 747 1814 accidit
774 1776 811 1814 in
839 1777 1061 1815 suavissima
1103 1778 1261 1831 epistola
1289 1779 1314 1818 Ι.
1343 1781 1377 1818 4.
1405 1782 1453 1820 ad

104 1846 278 1885 Albium
306 1845 499 1886 Tibullum
527 1848 675 1901 scripta,
705 1848 814 1886 cuius
840 1840 904 1886 hic‘
930 1861 1062 1887 versus
1081 1850 1153 1900 (6):
1182 1864 1273 1902 ‘non
1302 1857 1341 1889 tu
1369 1865 1453 1891 cor·

129 1933 198 1971 pus
218 1932 301 1957 eras
321 1920 401 1957 sine
428 1920 600 1972 pectore'
628 1934 750 1973 neque
770 1933 855 1959 cum
884 1921 1196 1973 praecedentibus
1224 1937 1347 1977 neque
1366 1938 1454 1964 cum

128 1990 172 2028 iis
200 1991 263 2042 qui
289 1996 497 2044 sequuntur
531 1985 634 2030 rect'e
668 1990 816 2029 videtur
850 1992 1025 2046 coniungi
1065 2006 1190 2047 posse.
1242 1994 1327 2048 Ipsa
1355 1998 1454 2036 enim

130 2060 246 2099 verba
272 2062 374 2114 quod
401 2063 450 2101 ita
479 2061 667 2115 explicant
693 2063 918 2116 interpretes
953 2078 1044 2117 ‘non
1079 2080 1161 2105 eras
1195 2066 1284 2107 olim
1323 2068 1454 2110 brutus

104 2159 107 2165 .
131 2136 244 2184 atque
272 2145 407 2171 excors
435 2133 549 2174 homo
569 2147 692 2188 neque
711 2139 834 2173 terrae
852 2135 1002 2188 pondus
1028 2137 1196 2177 inutile’:
1224 2140 1261 2179 id
1281 2141 1336 2179 sic
1353 2142 1454 2182 nude

95 2227 97 2229 v
133 2204 299 2258 positum
326 2209 363 2241 et
390 2205 595 2245 admodum
635 2207 798 2246 otiosum
835 2207 983 2247 videtur
1019 2216 1057 2248 et
1088 2210 1217 2250 dubito
1254 2227 1345 2252 num
1383 2217 1455 2270 ipsi

135 2274 284 2315 Tibullo
312 2273 537 2328 placiturum
578 2279 698 2318 suerit.
752 2277 852 2318 Nam
880 2278 942 2326 de,
962 2282 1070 2321 amici
1102 2283 1238 2323 virtute
1266 2298 1312 2324 ac
1338 2287 1455 2329 felici-

135 2353 212 2387 tate
249 2352 324 2386 tam
364 2344 473 2399 plene
510 2353 548 2386 et
580 2363 736 2402 prorsus
776 2352 945 2406 egregie>
968 2353 1014 2391 ab
1055 2353 1210 2394 Horatio
1259 2358 1452 2399 disseritur

136 2433 170 2457 v.
199 2418 342 2466 6-11,
370 2421 410 2456 ut
437 2417 621 2457 eiusmodi
648 2420 962 2469 additamentum,
990 2424 1103 2478 idque
1130 2427 1192 2467 vel
1218 2431 1339 2483 primo
1365 2430 1451 2471 loco

136 2489 316 2543 positum,
353 2489 416 2529 vix
443 2489 531 2530 ferri
558 2492 678 2544 possit
703 2505 826 2547 aequo
854 2495 993 2535 animo:
1032 2499 1213 2551 quantula
1248 2502 1343 2541 enim
1371 2502 1451 2543 laus
