1669 2839
123 220 215 252 sum·
234 219 346 247 suum
374 205 444 260 qu'r
466 202 685 251 consulunt,
713 216 833 258 aegre
853 216 899 242 eo
923 203 1191 257 perducentur,
1217 208 1259 242 ut
1285 215 1459 256 pueros

121 279 368 335 etspu'ellas
395 290 513 331 quum
540 274 714 322 audiunt,
752 276 800 315 de
824 276 973 315 'maritis
999 280 1115 329 atque
1135 275 1326 314 uxoribus
1354 276 1463 330 cogi·

121 357 212 391 tent.
267 352 315 389 At
341 348 552 389 rectissime
579 345 792 400 procedunt
819 348 957 393 omnia,
973 347 1017 385 ⁴si
1040 360 1154 397 unam
1182 346 1362 386 voculam
1389 344 1457 387 ad'-

120 423 259 464 dideris
284 421 360 461 hoc
386 418 523 459 modo:

666 505 746 538 vos,
775 504 798 529 ο
827 492 933 545 pueri
962 497 1001 530 et
1027 490 1178 544 puellae
1205 504 1256 529 ac

432 554 435 556 ¹
465 563 540 601 iam
568 564 690 602 virum
719 568 913 617 expertae.

119 634 295 675 Habebat
321 647 413 674 sane
432 634 623 683 Horatius,
638 638 720 675 'cur
739 640 940 684 metueret,
966 649 1015 675 ne
1033 648 1110 674 non
1125 633 1215 673 boni
1237 635 1372 674 ominis
1391 648 1461 674 vo—

114 706 254 751 cabula
268 707 313 746 iis
327 707 563 756 potissimum
580 708 810 754 exciderent,
825 708 888 761 qui
904 713 1061 761 propter
1074 712 1240 746 aetatem
1260 721 1305 746 ac
1319 722 1456 746 sexum

120 786 255 834 parum
281 777 345 817 vel
372 777 467 817 firmi
508 779 570 818 vel
604 778 810 832 prudentes
848 778 1083 818 viderentur:
1124 779 1268 832 pueris,
1310 778 1457 832 puellis,
1500 771 1503 773 ‚

119 865 253 891 recens
280 850 620 903 nuptisrrecens
648 851 746 889 enim
774 855 914 904 nuptas
937 849 1109 903 intelligi,
1135 849 1210 889 hoc
1236 851 1361 903 ipsum
1388 851 1455 890 de—

119 927 321 970 monstrat,
361 921 463 975 quod
504 922 611 972 ‘iam
635 923 774 962 *virum
808 921 1005 976 expertae’
1046 921 1233 960 dicuntur.
1293 922 1453 961 Accedit

119 993 547 1033 a'dfcommendandam
589 996 848 1034 coniecturam
888 994 993 1047 quod
1038 995 1089 1032 ita
1137 993 1292 1032 demum
1333 1008 1454 1032 enun-

119 1065 197 1104 tiati
238 1064 417 1127 membris
458 1080 526 1105 sua
567 1065 776 1120 aequalitas
817 1066 1036 1105 restituitur.
1093 1064 1193 1104 Nam
1233 1079 1351 1119 quum
1386 1080 1452 1105 an-

106 1142 180 1175 ,tea
198 1151 233 1176 v.
252 1137 278 1174 5
304 1151 386 1190 sqq.
414 1143 453 1176 et
483 1136 648 1185 Liviam,
678 1139 788 1178 unico
816 1138 952 1176 marito
980 1137 1231 1191 gaudentem,
1271 1142 1309 1176 et
1333 1137 1452 1176 Octa-

118 1210 230 1256 viam,
258 1208 350 1248 clari
378 1210 485 1249 ducis
513 1224 696 1258 sororem,
731 1216 770 1249 et
798 1215 937 1249 matres
964 1209 1150 1262 sospitum
1177 1210 1358 1247 iuvenum
1385 1210 1452 1248 ad-

99 1280 289 1319 „hortatus
316 1286 418 1320 esset
445 1281 643 1329 Horatius,
685 1282 879 1336 aptissime
913 1295 1025 1320 suum
1051 1280 1145 1319 illud
1173 1277 1386 1333 εὐφημεῖτε
1414 1286 1452 1318 et

117 1352 244 1405 pueris
273 1357 311 1391 et
338 1353 472 1406 puellis
501 1359 538 1405 et
565 1355 640 1392 iam
676 1355 800 1393 virum
838 1354 1006 1407 expertis
1045 1352 1291 1399 adclamavit,
1331 1353 1382 1390 ita
1410 1356 1452 1390 ut

118 1425 281 1463 ternario
315 1438 474 1463 numero
515 1425 699 1464 ternarius
725 1425 983 1479 responderet.
1010 1429 1185 1464 et——ac
1212 1422 1382 1462 similiter
1410 1436 1452 1461 se

118 1496 314 1554 excipiunt
337 1509 452 1551 carm.
481 1494 537 1533 ΙΙΙ.
566 1496 626 1534 25.
659 1498 706 1535 10
732 1511 832 1550 sqq-z
867 1511 918 1536 ac
945 1502 1033 1536 ante
1059 1497 1070 1534 i
1097 1508 1306 1535 consonam
1334 1494 1452 1533 habes

116 1580 232 1605 carm.
261 1566 285 1606 l.
313 1567 374 1605 28.
405 1569 463 1607 19.

220 1638 327 1679 Haec
354 1653 472 1693 quum
498 1639 588 1679 olim
617 1642 907 1697 excogitassem,
935 1646 1068 1696 postea
1096 1640 1251 1679 demum
1269 1637 1451 1685 intellexi,

116 1711 277 1761 eandem
305 1713 489 1752 rationem
517 1719 692 1752 secutum
720 1727 804 1752 esse
824 1713 1080 1753 Torrentium.
1125 1712 1201 1763 Qui
1221 1725 1339 1765 quum
1357 1710 1453 1750 haec

118 1784 397 1837 proposuisset:
424 1799 512 1833 ‘vos
540 1799 563 1824 o
591 1787 697 1839 pueri
727 1791 765 1825 et
792 1785 942 1840 puellae
970 1790 1013 1824 et
1040 1785 1115 1824 iam
1142 1797 1178 1823 v.
1202 1783 1256 1830 e.’,
1284 1784 1451 1837 graviter

117 1858 271 1892 notatus
298 1861 355 1893 est
380 1870 401 1894 a
430 1855 622 1904 Bentleio,
663 1858 770 1895 cnius
793 1862 934 1896 -tamen
975 1855 1136 1894 alterum
1170 1860 1448 1908 argumentum,

117 1925 213 1965 haec
242 1927 331 1979 ‘iam
359 1928 482 1967 virum
511 1928 707 1983 expertae’
735 1930 847 1968 etiam
876 1928 1105 1983 virginum
1135 1932 1306 1966 matres
1327 1940 1448 1967 ,com-

118 1997 371 2050 prehendere,
412 2014 545 2039 verum
582 2015 657 2040 non
691 2001 857 2047 videtur,
899 2001 1078 2054 quoniam
1118 1999 1326 2054 particulae
1358 1999 1446 2037 iam

118 2067 221 2107 nulla
248 2067 295 2106 ab
321 2068 385 2108 illo
414 2072 508 2110 ratio
536 2071 663 2111 habita
691 2077 759 2111 est.
811 2071 996 2118 Alterum,
1025 2086 1102 2126 quo
1131 2072 1265 2111 utitur:
1293 2084 1447 2110 versum

117 2139 191 2178 hoc
219 2146 331 2193 pacto
358 2142 467 2181 nimis
489 2158 668 2197 asperum
696 2144 950 2197 scabrumque
978 2149 1017 2183 et
1043 2145 1305 2199 rubiginosum
1333 2144 1450 2190 exire,

118 2211 194 2251 tale
222 2217 290 2258 est,
317 2217 359 2250 ut
385 2214 563 2254 universe
592 2216 815 2270 responderi
840 2229 916 2255 non
944 2217 1075 2270 possit.
1127 2214 1261 2254 Paullo
1288 2215 1449 2254 fortasse

80 2299 84 2302 ·
118 2283 268 2322 mollior
295 2283 523 2337 auribusque
548 2287 748 2327 iucundior
776 2302 819 2327 ea
847 2289 1032 2342 scriptura
1069 2288 1197 2333 suerit,
1237 2300 1352 2341 quam
1379 2301 1448 2326 nos

118 2354 489 2394 commendavimus:
528 2359 837 2411 graviusautem
863 2360 936 2400 h'oc
962 2364 1036 2406 est,
1064 2358 1166 2413 quod
1194 2358 1355 2399 alterum
1382 2358 1448 2396 ha-

121 2424 253 2466 bemus
281 2428 407 2483 locum
436 2428 527 2474 eius,
554 2429 601 2468 de
629 2445 705 2483 quo
735 2433 983 2486 disputatum,
1010 2431 1253 2472 simillimum.
1307 2430 1449 2469 Viden-

122 2501 183 2535 tur
211 2501 309 2538 enim
337 2501 372 2539 in
402 2499 459 2538 his
486 2500 659 2540 versibus
687 2516 802 2554 carm.
831 2503 889 2543 ΙΙΙ.
918 2504 951 2542 8.
981 2504 1030 2542 27
1060 2518 1159 2557 sqq.:
