1669 2839
1353 0 1497 43 W

804 92 865 137 22
1498 68 1503 73 .

166 211 374 253 operarum
402 199 674 255 negligentiam
703 201 921 255 patientius,
949 203 1068 255 quarn
1093 213 1162 255 par
1190 206 1281 250 erat,
1312 202 1447 243 tulisse
1463 202 1520 242 vi-

167 270 315 310 deatur.
367 273 469 311 Sunt
494 272 610 318 haec,
638 272 792 324 opinor,
827 271 932 317 talia,
971 276 1014 310 ut
1053 270 1303 325 probabiliter
1329 273 1520 325 coniicias,

156 341 217 380 ad
244 341 453 381 multorum
481 341 635 381 testium
677 354 890 397 eorumque
915 342 1010 381 satis
1044 343 1223 398 gravium
1253 345 1521 383 auctoritatem

169 413 284 452 etiam
299 413 522 459 Blandinios
549 411 669 452 libros
696 414 895 453 accedere.
930 413 1087 454 Valebit
1114 415 1230 469 igitur
1256 415 1305 454 de
1332 414 1407 455 hoc
1428 415 1516 455 loco

167 483 281 529 idem,
309 484 414 536 quod
442 497 558 539 supra
598 485 816 539 posuimus,
845 485 1045 538 quaedam,
1086 486 1262 539 quamvis
1290 485 1385 525 dura
1411 485 1519 524 vide-

165 557 291 602 antur,
331 555 537 597 mollienda
567 569 653 596 esse
694 556 891 610 patientia:
924 569 1024 610 quae
1063 562 1191 597 tamen
1231 557 1412 611 patientia
1441 556 1516 597 Ma-

169 627 298 665 vortio-
322 628 437 668 nimia
466 633 525 668 est
552 629 645 666 visa.
692 627 786 667 Eius
815 628 916 667 enim
942 627 1027 666 libri
1054 627 1162 667 Leid.
1181 628 1279 682 Reg.
1298 627 1331 666 E
1350 626 1388 666 R
1413 632 1519 667 tanto

168 710 362 745 consensu
391 698 543 739 silebo
563 697 757 745 exhibent,
783 703 827 736 ut
843 697 957 738 valde
975 697 1157 737 credibile
1172 699 1230 745 sit,
1257 698 1364 737 illum
1388 699 1518 745 fuisse,

166 769 231 821 qui
272 771 362 810 viris
393 771 479 825 ipso
506 770 622 825 longe
651 769 887 809 acutioribus
912 769 1147 823 imposuerit.
1201 770 1252 809 At
1277 769 1386 809 idemv
1403 768 1521 824 longe

163 838 297 880 aberat
323 841 371 881 ab
396 843 657 882 recentiorum
684 840 926 880 librariorum
953 841 1177 895 saepissime
1196 840 1406 895 vulgarem*
1429 854 1516 893 syn·

164 912 268 951 taxin
286 914 463 968 poeticae
489 913 787 968 praeferentium
816 912 1048 951 temeritate:
1076 911 1183 951 velut
1211 924 1328 951 carm.
1351 910 1377 951 l.
1395 912 1433 951 4.
1455 913 1514 959 12,

163 982 228 1023 ubi
248 984 287 1023 in
312 984 444 1025 multis
469 985 575 1024 libris
602 984 699 1024 haec
726 989 817 1023 sunt
853 997 942 1037 ‘seu
962 988 1106 1038 poscat
1131 996 1271 1038 agnam
1297 984 1379 1022 sive
1406 982 1514 1022 malit

157 1053 305 1094 haedos
328 1055 399 1104 (al.
421 1056 587 1096 haedum
596 1055 632 1106 )',
651 1054 879 1095 Mavortiani
898 1053 1005 1094 Leid.
1024 1053 1122 1110 Reg.
1139 1053 1171 1093 E
1186 1053 1220 1093 R
1235 1059 1341 1094 recte
1359 1058 1511 1093 sextum

163 1139 259 1177 cas*
325 1133 540 1166 servarunt.
592 1126 779 1180 Sequitur
819 1120 823 1125 ’
868 1114 877 1182 *q
942 1131 1103 1181 agetur,
1123 1126 1213 1179 quid
1238 1128 1276 1164 in
1297 1126 1509 1179 scripturae

159 1196 197 1236 d'
241 1188 244 1191 V
344 1203 384 1237 te
402 1198 605 1237 iudicanda
633 1202 791 1237 secutus
818 1198 848 1237 si
869 1184 877 1192 Ἰ
906 1211 1022 1251 quam
1044 1198 1307 1237 diversitatem
1334 1197 1406 1250 ipsi
1427 1196 1508 1236 Pri-

158 1269 289 1308 seiano
312 1269 588 1324 dubitationffu
604 1270 779 1315 movisse
794 1269 978 1307 diximus:
1006 1267 1098 1307 illud
1117 1269 1218 1306 enim
1236 1268 1418 1306 iudicium
1433 1268 1510 1306 for-

160 1343 264 1378 tasse
285 1353 333 1379 ne
355 1340 402 1380 ab
423 1341 468 1379 iis
489 1339 644 1394 quidem
666 1340 775 1379 vitari
791 1341 932 1395 potuit,
957 1338 1021 1394 qui
1042 1351 1119 1377 uno
1134 1338 1171 1377 in
1193 1336 1290 1377 libro
1305 1337 1511 1378 versaban—

156 1415 229 1457 tur,
254 1424 373 1463 quum
402 1412 546 1451 multae
567 1425 670 1450 nunc
688 1410 1033 1465 διττογραφίαι,ἰιι
1048 1409 1195 1448 Horatii
1218 1409 1415 1449 codicibus
1434 1411 1509 1448 sint

156 1493 284 1535 neque
311 1481 425 1536 plane
453 1496 597 1537 paucas
626 1482 688 1522 vel
710 1483 748 1523 in
769 1482 1041 1537 antiquissimis
1069 1481 1186 1521 fuisse
1206 1486 1507 1521 consentaneum

154 1553 213 1590 sit.
262 1554 312 1592 At
338 1566 442 1593 nunc
469 1567 517 1592 ne
548 1553 623 1592 hoc
651 1554 807 1607 quidem
835 1554 1005 1593 divinare
1033 1554 1133 1600 licet,
1174 1567 1290 1606 quam
1311 1556 1384 1591 ‘aut
1409 1552 1507 1591 mul-

158 1624 205 1662 tis
232 1629 298 1663 aut
326 1624 460 1679 paucis
489 1624 536 1664 de
563 1624 660 1664 locis
698 1623 750 1663 illi
780 1624 1043 1679 quaerendum
1070 1624 1199 1664 fuerit:
1242 1638 1340 1664 unus
1379 1629 1507 1664 tamen

154 1701 224 1742 est,
251 1710 301 1735 ex
329 1710 406 1750 quo
435 1697 564 1751 aliquo
594 1698 757 1737 fortasse
774 1698 857 1736 iure
880 1696 1051 1751 colligaS,
1079 1697 1268 1735 interdum
1281 1697 1404 1750 ipsam
1422 1696 1505 1736 sive

152 1767 448 1821 discrepantiam
464 1769 546 1808 sive
568 1767 863 1823 διττογραφίαν
875 1769 1058 1808 intactam
1078 1767 1124 1807 ab
1142 1781 1192 1807 eo
1212 1767 1387 1808 relictam
1405 1780 1503 1814 esse,

149 1842 192 1875 ut
227 1839 292 1891 qui
327 1831 495 1886 sentiret,
536 1846 712 1879 neutram
740 1841 970 1894 scripturam
998 1841 1122 1879 neutri
1149 1841 1200 1882 ita
1228 1843 1433 1893 praestare,
1460 1843 1503 1879 ut

148 1922 223 1948 una
251 1910 451 1951 verissima
473 1910 682 1952 videretur.
724 1911 764 1952 ln
791 1912 866 1952 hoc
894 1912 996 1951 enim
1017 1925 1132 1951 versu
1148 1924 1263 1951 carm.
1284 1908 1348 1949 IV.
1376 1912 1433 1951 15.
1452 1911 1500 1950 18

147 1981 289 2029 ‘civilis
316 1988 382 2020 aut
400 1984 459 2022 vis
483 1981 615 2038 exiget
643 1984 782 2023 otium'
812 1983 1010 2023 Leidensis
1040 1984 1201 2035 exiget
1226 1981 1354 2029 habet,
1382 1981 1498 2036 Regi-

144 2052 273 2092 nensis
302 2053 498 2102 eximet,
526 2056 577 2093 ita
608 2060 747 2103 tamen,
767 2056 867 2094 utin
893 2054 994 2094 illius
1009 2054 1093 2094 libri
1119 2054 1292 2109 margine
1320 2054 1498 2094 eximet

141 2124 378 2178 adscriptum
415 2125 480 2172 sit,
521 2125 559 2164 in
587 2124 701 2164 huius
741 2126 919 2179 exiget.
975 2124 1081 2163 Leve
1108 2124 1145 2163 id
1174 2124 1386 2173 videretur,
1425 2126 1497 2165 nisi

142 2193 428 2250 Vanderburgii
451 2197 536 2236 cod.
564 2196 596 2235 E
624 2198 848 2244 accederet,
882 2196 920 2235 in
947 2209 1024 2249 quo
1040 2200 1178 2235 totum
1203 2194 1298 2235 illud
1326 2195 1496 2235 vocabu-

139 2265 219 2304 lum
244 2268 430 2306 omissum
450 2272 519 2314 est,
544 2267 627 2316 hac,
655 2268 726 2307 nisi
746 2266 869 2315 fallor,
897 2267 946 2306 de
964 2279 1092 2314 causa,
1121 2266 1303 2321 quoniam
1320 2265 1495 2317 librarius

136 2338 174 2377 in
203 2352 248 2377 eo
277 2339 429 2386 codice,
472 2353 589 2393 quem
616 2338 874 2393 sequebatur,
912 2338 1105 2392 duplicem
1133 2339 1363 2391 scripturam
1389 2338 1496 2378 inve-

137 2414 249 2449 nerat
285 2422 331 2448 ac
366 2409 575 2458 dubitabat,
618 2415 742 2449 utram
771 2410 808 2448 in
844 2411 1020 2450 ordinem
1049 2409 1249 2461 reciperet.
1305 2407 1338 2446 ls
1366 2403 1522 2448 autem*

136 2480 234 2521 liber
275 2494 395 2534 quum
437 2495 512 2520 sec.
546 2481 584 2521 X
621 2482 785 2535 scriptus
827 2482 892 2527 sit,
935 2479 1141 2520 verisimile
1182 2484 1256 2525 est,
1300 2478 1492 2520 librarium
