1669 2839
792 124 862 169 ¹92

149 242 297 285 confert
314 236 361 277 ad
382 235 521 276 librum
542 234 709 289 aliquem
730 235 871 276 rectius
885 249 932 276 ac
946 235 1095 289 plenius
1121 234 1490 288 intelligendumssita

148 313 195 353 ad
221 307 548 361 corrumpendum
567 312 643 347 no'n
663 305 826 346 multum
850 306 964 353 valet,
992 317 1051 346 ne·
1067 311 1148 345 tum
1176 305 1343 359 quidem,
1371 318 1490 359 quum

147 366 346 437 perperam
386 378 612 426 instituitur3
654 377 802 417 etiamsi
841 377 1099 419 concedamus
1142 375 1351 431 permulta,
1392 387 1492 431 quae

146 452 285 492 librarii
303 458 307 464 ¹
325 456 483 507 propter
525 449 804 506 festinationem
844 448 908 487 vel
947 449 1187 488 oscitantiam
1221 455 1490 502 peccaverant,

145 524 357 563 rectissime
384 525 560 561 correcta
602 534 705 568 esse,
748 525 790 560 ut
816 519 942 559 adhuc
967 520 1005 558 in
1032 518 1148 566 libris,
1184 521 1249 573 qui
1284 534 1490 575 operarum

145 594 338 633 erroribus
361 597 530 639 scatent,
566 590 750 646 pleraque
783 591 881 630 inter
913 589 1120 644 legendum
1146 590 1254 630 inscii
1295 604 1341 631 ac
1367 606 1489 645 paene

144 665 251 705 inviti
275 664 555 704 emendamus:
589 663 699 702 multi
726 668 854 702 tamen
880 661 955 701 loci
983 666 1138 708 restant,
1167 675 1332 715 quorum
1357 674 1492 704 vemen-

144 736 247 776 datio
274 734 421 775 facilior
448 734 568 774 videri
594 739 763 788 poterat,
801 747 918 787 quam
954 737 1038 772 erat
1071 746 1217 773 revera.
1270 732 1402 788 Itaque
1428 748 1490 775 res

145 822 194 846 ex
220 808 312 861 ipsis
340 805 536 846 codicibus
555 804 802 845 Mavortianis
828 804 1026 845 iudicanda
1055 804 1145 843 erit:
1173 805 1305 857 quoin
1332 808 1488 860 negotio

143 877 218 918 hoc
244 876 556 918 molestissimum
585 881 659 924 est,
694 876 798 931 quod
822 890 871 917 ne
897 877 922 916 ii
948 876 1102 931 quidem
1143 875 1284 931 ubique
1322 876 1421 917 inter
1446 892 1490 919 se

141 950 394 988 consentiunt.
448 947 550 987 Nam
580 947 799 987 Gothanum
839 962 931 987 sane
966 948 1105 987 librum
1143 954 1181 986 et
1206 948 1333 995 illum,
1377 952 1441 1002 qui
1463 965 1486 989 a

142 1018 435 1072 Vanderburgio
471 1017 504 1056 R
538 1016 771 1071 appellatur,
811 1023 976 1071 q‘uoruin
1016 1018 1112 1058 alter
1144 1032 1223 1059 sec.
1257 1017 1346 1066 XV,
1391 1019 1488 1059 alter

145 1090 320 1131 ducentis
346 1090 426 1134 lere
445 1089 552 1128 annis
572 1093 660 1128 ante
681 1089 847 1143 scriptus
873 1090 1021 1139 dicitur,
1049 1091 1086 1129 in
1107 1089 1179 1130 hac
1198 1089 1353 1144 quidem
1373 1104 1489 1131 causa

143 1176 220 1202 non
249 1160 412 1201 multum
439 1160 706 1215 respiciemus:
736 1156 903 1244 *er
928 1163 1033 1217 ipsos
1060 1162 1146 1202 illos
1181 1161 1315 1211 libros,
1357 1173 1361 1176 ’
1404 1162 1488 1204 ibus

144 1233 342 1273 Bentleius
369 1247 463 1272 usus
492 1237 569 1279 est,
598 1231 836 1275 Leidensem·
853 1239 892 1272 et
918 1233 1194 1289 Regincnsem,
1222 1244 1268 1274 'ea
1293 1177 1486 1305 *m

144 1305 348 1345 diversitas
370 1304 581 1362 intercedit,
610 1309 660 1351 ut,
687 1305 718 1343 si
738 1305 1055 1358 subscriptionem
1083 1307 1248 1371 ofiittaS,
1273 1306 1341 1345 vix
1367 1306 1486 1346 ullam

144 1390 277 1415 eorum
305 1376 573 1429 cognationem
600 1376 800 1428 agniturus
817 1377 881 1414 sis.
920 1375 1075 1415 Bonum
1095 1377 1240 1416 [actum
1260 1378 1363 1430 quod
1382 1376 1488 1418 Van-

143 1446 338 1501 derburgii
356 1446 441 1487 cod.
462 1444 505 1485 E.
520 1446 700 1493 accessit,
722 1459 799 1486 sec.
813 1445 851 1486 X
872 1445 919 1485 ab
940 1446 1239 1494 accuratissimo,
1266 1452 1309 1486 ut
1327 1448 1489 1497 videtur,

145 1513 296 1558 librario
321 1524 516 1559 exaratus.
552 1518 667 1568 Quod
688 1518 788 1558 enim
808 1532 852 1558 re
872 1519 1089 1559 accuratius
1114 1518 1324 1572 ponderata
1352 1522 1488 1560 coniici

146 1591 261 1630 etiam
303 1595 415 1629 antea
454 1595 623 1643 poterat,
664 1588 922 1644 Reginensem
959 1589 1098 1629 librum
1131 1590 1168 1629 in
1210 1592 1488 1639 contaminatis,

144 1675 242 1715 quos
260 1662 409 1709 vocavi,
437 1660 655 1700 habendum
676 1675 773 1709 esse,
793 1662 830 1701 id
850 1661 1101 1702 confidentius
1115 1675 1217 1700 nunc
1235 1664 1489 1715 pronunciare

144 1732 252 1780 licet,
293 1746 411 1787 quum
434 1731 634 1772 Leidensis
666 1737 705 1772 et
731 1733 793 1773 hic
820 1731 1103 1787 Vanderburgii
1134 1733 1186 1772 ita
1222 1734 1300 1774 lere
1337 1748 1490 1788 semper

143 1805 240 1842 inter
260 1817 304 1844 se
321 1804 570 1851 consentiant,
600 1809 641 1843 ut
659 1804 907 1859 probissimos
924 1809 1043 1844 testes
1063 1804 1195 1843 audire
1225 1803 1290 1843 tibi
1311 1805 1485 1851 videaris,

143 1887 270 1928 neque
295 1875 652 1928 quicquam⁴magis
679 1875 887 1916 dolendum
916 1877 980 1924 sit,
1008 1889 1123 1930 quam
1151 1875 1255 1929 quod
1282 1881 1417 1915 neuter
1432 1890 1488 1922 ea,

145 1959 219 1998 qua
248 1945 421 1992 decebat,
449 1944 642 1999 diligentia
671 1946 834 1987 collatus
861 1952 930 1995 est,
959 1961 1047 1987 nam
1075 1961 1124 1986 ne
1150 1946 1307 1985 Potterii
1334 1946 1489 1999 quidem

144 2030 273 2070 opera,
301 2030 375 2069 qua
396 2017 449 2055 uti
468 2030 544 2055 non
572 2016 688 2063 licuit,
717 2031 951 2071 magnopere
970 2017 1158 2055 laudatur.
1201 2015 1353 2055 Horum
1375 2018 1491 2071 igitur

143 2086 325 2125 librorum
365 2087 568 2125 consensui
610 2086 725 2126 etiam
766 2087 839 2126 soli
871 2087 1080 2141 plurimum
1114 2087 1359 2127 tribuendum
1401 2090 1489 2128 erit:

142 2172 230 2197 cum
259 2156 397 2211 quibus
432 2156 496 2195 ubi
538 2157 733 2211 conspirat
759 2157 1004 2213 ReginensiS‚
1047 2160 1112 2198 vix
1151 2160 1302 2199 videtur
1329 2159 1492 2199 dubitari

142 2243 269 2283 posse,
297 2230 387 2284 quin
416 2230 537 2282 ipsam
567 2228 744 2269 Mavortii
772 2232 998 2284 scripturam
1026 2231 1246 2270 habeamus.

245 2301 377 2355 Itaque
396 2314 441 2339 ea
461 2300 614 2353 quidem
642 2300 754 2355 culpa
780 2302 847 2341 vix
874 2303 1014 2356 poterit
1041 2301 1103 2341 ille
1129 2302 1290 2349 liberari,
1317 2303 1356 2340 in
1375 2316 1492 2355 quam

143 2374 325 2419 incidunt,
354 2373 431 2425 qui,
460 2386 558 2425 quae
579 2372 671 2425 ipsis
694 2372 787 2410 mira
810 2378 929 2426 atque
944 2374 1112 2412 inaudita
1132 2374 1319 2420 videntur,
1348 2378 1494 2413 temere

144 2443 378 2484 facilioribus
422 2448 572 2483 mutare
612 2442 775 2491 malunt,
825 2459 942 2497 quam
991 2445 1214 2485 accuratius
1251 2445 1493 2500 investigare.

147 2513 299 2554 Etenim
327 2528 443 2554 carm.
474 2514 497 2553 l.
526 2516 561 2553 4.
590 2515 615 2553 8
643 2513 738 2552 haec
774 2512 990 2565 ‘Volcanus
1020 2516 1158 2555 ardens
1194 2516 1287 2554 urit
1315 2515 1494 2555 officinas'

1206 2588 1253 2626 2.
