1669 2839
154 194 409 255 penultimum
426 193 585 242 versum*
596 200 703 241 aliter
722 203 905 256 scriptum
918 201 1106 243 habuisse
1124 202 1338 256 suspiceris.
1382 202 1493 253 Quae

155 273 257 314 enim
283 272 497 330 Porphyrio
523 273 689 328 scripsit:
717 287 823 328 ‘cum
850 288 936 315 mea
956 288 978 315 e
995 274 1185 316 contrario
1211 274 1353 327 scripta
1378 287 1491 314 nemo

154 346 255 385 norit
280 359 353 387 nec
378 345 472 386 velit
497 358 623 392 nosse,
649 345 816 399 primum
849 346 953 400 quod
987 345 1141 401 publice
1173 358 1251 385 non
1276 345 1494 392 recitentur,

155 416 291 459 deinde
318 416 440 474 quod,
477 416 621 457 conscii
648 415 719 457 sibi
745 422 1012 472 peccatorum,
1051 431 1128 459 non
1155 416 1395 459 delectentur
1419 414 1494 457 hoc

154 495 345 543 poemate,
366 501 530 543 quorum
548 488 639 527 vitia
657 489 893 543 carpuntur'‚
920 502 1008 529 cum
1025 490 1072 528 iis
1089 489 1223 544 reliqui
1242 490 1496 537 consentiunt,

154 573 200 600 ac
227 565 316 600 sunt
341 572 435 600 sane
460 558 560 608 talia,
587 564 630 599 ut
654 558 763 599 illum
788 560 837 600 de
855 560 1022 600 universi
1047 559 1122 599 loci
1150 562 1335 600 sententia
1361 562 1494 602 rectis·

155 632 252 671 sime
273 631 451 671 statuisse
477 630 685 685 intelligas:
712 631 761 672 de
778 632 862 687 ipso
879 631 955 672 hoc
972 631 1163 672 vocabulo
1189 631 1352 686 plures
1379 645 1493 672 nemo

157 715 291 743 eorum
318 703 522 757 quicquam
550 702 757 742 adnotavit.
809 702 965 744 Habent
989 703 1042 743 illi
1060 703 1198 744 silentii
1224 704 1372 743 socium
1398 702 1494 742 Dio·

151 774 305 828 nysium
323 772 563 822 Lambinum,
591 775 656 828 qui
673 775 711 815 in
730 779 833 814 tanta
852 773 977 815 Latini
1000 777 1188 816 sermonis
1205 776 1340 831 peritia
1365 780 1495 815 tacere

152 858 268 899 quam
294 850 472 900 posteros
511 845 652 885 docere
685 845 829 885 maluit.
883 845 973 885 Non
1011 852 1214 887 tacuerunt
1253 848 1495 894 recentiores,

152 922 191 956 at
210 916 341 956 dubito
357 922 496 965 tamen,
522 930 614 956 num
646 930 720 956 acu
746 917 939 971 tetigerint
956 917 1006 965 id,
1035 919 1138 972 quod
1156 919 1392 974 tangendum
1412 919 1492 957 fuit.

153 978 390 1043 Confugiunt
430 989 532 1029 enim
571 988 619 1028 ad
654 988 939 1037 attractionem,
991 1002 1107 1044 quam
1145 989 1385 1044 grammatici
1424 1003 1494 1030 vo-

153 1064 258 1107 cant,
297 1064 414 1114 atque
439 1058 640 1099 Horatium
674 1060 914 1114 paucissimis
940 1060 1070 1100 verbis
1096 1062 1199 1101 idem
1226 1062 1369 1101 dixisse
1395 1049 1494 1100 arbi-

152 1136 311 1178 trantur,
338 1131 442 1186 quod
465 1130 615 1185 plenius
632 1132 684 1171 ita
703 1132 909 1186 dicendum
936 1134 1068 1173 fuerit:
1096 1134 1255 1188 ‘quippe
1273 1146 1391 1187 quum
1408 1133 1494 1188 plu-

152 1216 215 1242 res
243 1202 346 1257 digni
372 1203 447 1242 sint
473 1203 537 1256 qui
563 1202 788 1257 culpentur.’
833 1203 1033 1259 Exempla,
1061 1205 1197 1259 quibus
1225 1205 1273 1245 ad
1300 1203 1493 1244 stabilien-

152 1275 241 1313 dam
268 1274 496 1314 sententiam
538 1279 713 1322 utuntur,
749 1280 898 1315 tantum
931 1289 1008 1316 non
1047 1276 1174 1315 omnia
1202 1275 1352 1316 Graeca
1392 1282 1492 1324 sunt,

154 1358 230 1398 qua
269 1345 308 1384 in
346 1358 389 1384 re
427 1346 558 1385 nescio
599 1359 648 1385 an
687 1359 824 1400 parum
867 1346 1127 1394 meminerint,
1179 1351 1321 1401 quanta
1362 1347 1494 1386 satira—

150 1428 237 1456 rum
263 1420 379 1471 atque
405 1417 619 1457 carminum
647 1416 847 1457 diversitas
874 1417 932 1457 sit.
987 1415 1122 1458 Latina
1150 1431 1250 1473 quae
1276 1417 1495 1465 attulerunt,

152 1501 216 1537 ea,
244 1502 365 1543 quum
391 1489 608 1529 accuratius
634 1488 890 1543 pensitantur,
930 1490 1086 1529 minime
1113 1489 1298 1539 efficiunt,
1325 1495 1368 1529 ut
1392 1490 1494 1529 istud

150 1559 388 1600 attractionis
413 1574 537 1616 genus
554 1573 632 1601 non
651 1560 860 1602 admodum
888 1561 1027 1601 durum
1053 1561 1174 1601 videri
1200 1560 1349 1601 debeat.
1390 1561 1495 1602 Con-

152 1631 368 1672 cedendum
396 1637 523 1673 tamen
542 1634 704 1673 fortasse
717 1637 835 1682 esset,
862 1634 935 1688 ipsi
952 1632 1114 1673 Horatio
1133 1632 1275 1687 aliquid
1295 1632 1496 1673 obscurius

152 1702 359 1751 excidisse,
387 1704 435 1751 si,
463 1702 624 1758 probata
650 1703 802 1744 illorum
830 1705 1034 1753 sententia,
1076 1704 1204 1744 omnia
1230 1704 1281 1743 ita
1308 1704 1495 1759 procede-

150 1778 248 1821 rent,
274 1779 317 1813 ut
334 1779 489 1828 poetam
517 1780 707 1822 accurate,
734 1775 861 1815 sinon
887 1776 1098 1829 scripsisse,
1122 1780 1162 1814 at
1180 1779 1286 1815 certe
1305 1777 1496 1830 cogitasse

150 1843 463 1899 intelligeremus.
518 1845 633 1896 Quod
673 1846 828 1900 quidem
869 1860 982 1887 secus
1016 1861 1059 1886 se
1085 1846 1212 1886 habet.
1266 1846 1360 1886 Sive
1393 1847 1493 1886 enim

154 1915 316 1970 plures
343 1916 405 1957 hic
433 1917 507 1956 dici
534 1917 798 1957 existimamus
831 1919 1014 1958 maiorem
1054 1931 1187 1958 eorum
1221 1922 1388 1971 partem,
1430 1918 1494 1971 qui

151 1988 345 2028 satiricam
383 1988 518 2042 poesin
559 1987 843 2042 improbabant,
884 1990 967 2029 sive
999 1992 1121 2044 (quae
1156 1989 1287 2029 durior
1312 1990 1409 2028 ratio
1437 1994 1496 2029 est

150 2058 277 2112 neque
303 2057 441 2106 ullum,
472 2058 504 2097 si
529 2063 635 2098 recte
662 2060 835 2108 memini,
862 2065 1069 2115 patronum
1094 2060 1231 2113 habet)
1258 2060 1421 2115 plures
1448 2061 1496 2100 de

152 2130 323 2170 omnium
351 2130 506 2170 omnino
525 2130 667 2170 civium
682 2132 827 2171 maiore
845 2137 955 2186 parte
978 2133 1291 2187 interpretamur:
1317 2137 1497 2172 neutrum

154 2200 354 2242 tolerabile
368 2206 436 2241 est.
486 2200 637 2241 Etenim
666 2202 697 2241 si
724 2202 950 2258 plerique
977 2217 1122 2251 eorum,
1150 2204 1214 2259 qui
1241 2203 1375 2242 satiras
1403 2203 1496 2243 ode-

151 2278 256 2322 rant,
294 2287 381 2313 eam
408 2273 484 2313 odii
511 2287 667 2315 causam
706 2273 915 2323 habebant,
955 2275 1059 2330 quod
1092 2276 1165 2329 ipsi
1197 2274 1497 2329 reprehensione

154 2344 226 2385 sibi
253 2345 358 2399 digni
376 2345 615 2385 viderentur:
644 2347 763 2386 ceteri
786 2348 827 2387 in
854 2347 1084 2402 exagitando
1111 2346 1176 2386 illo
1198 2347 1410 2387 carminum
1429 2361 1496 2401 ge-

151 2430 246 2459 nere
273 2417 374 2458 aliud
403 2417 583 2472 quiddam
609 2417 730 2456 secuti
757 2423 858 2458 sunt.
902 2417 991 2458 Non
1014 2417 1120 2457 licuit
1143 2419 1263 2472 igitur
1288 2424 1426 2473 poetae
1442 2419 1494 2457 ita

150 2486 275 2545 loqui:
301 2493 408 2541 ⁴sunt
433 2490 498 2545 qui
523 2503 587 2529 me
613 2489 833 2543 vituperent
852 2502 897 2529 ea
917 2489 966 2529 de
991 2502 1119 2538 causa,
1147 2491 1252 2546 quod
1278 2490 1495 2545 plerique

543 2700 587 2750 v„
