1669 2839
528 61 600 130 ι.
866 64 936 108 30'

220 171 446 232 prudentius
474 178 574 231 ergit,
615 171 904 228 octogenarium
947 174 1075 213 facere
1114 178 1460 223 avarumsenem,
1499 176 1570 214 etsi

219 225 305 282 uno·
325 244 390 284 vel
418 231 566 285 duobus
603 246 709 285 annis
736 229 861 285 minor
889 251 1007 295 esset,
1041 261 1157 301 quam
1185 247 1234 287 de
1262 246 1368 287 senio
1387 248 1479 287 eius
1506 246 1569 286 vel

217 314 407 354 tantillum
432 316 634 354 detrahere
661 316 794 354 videri.
836 315 959 357 Aliud·
969 322 1238 373 argumentum
1256 317 1568 357 antecedentium

219 389 455 441 comparatio
480 388 757 427 subministrat.
804 387 892 428 Non
920 390 1017 429 dixit
1042 386 1224 469 Hssntius
1252 388 1475 443 simpliciter
1503 391 1567 428 so-

217 457 295 498 liis
323 459 427 497 vesci
455 471 617 497 avarum
643 458 850 507 hominem,
891 459 960 499 sed
988 459 1307 509 fol-iis‘amaris;
1348 463 1436 499 sunt
1464 461 1565 499 enim

217 529 308 569 solia
334 543 412 569 non
432 544 567 584 pauca,
596 545 695 584 quae
710 532 882 572 studiose
900 515 1135 586 expetunfur
1150 531 1411 587 agulonibus:
1440 546 1566 586 neque

217 602 309 640 satis
337 601 486 651 habuit,
526 603 658 641 vinum
688 608 879 642 mutatum
906 616 952 643 ac
980 601 1075 650 vile,
1102 603 1207 657 quod
1235 602 1566 650 avarus'bibebat,

218 679 404 713 acetum
432 672 725 727 appellavisse‚‚
747 675 816 714 sed
844 675 996 728 scripsit
1029 687 1139 714 acre
1173 680 1346 723 acetum3
1385 668 1564 714 novimus

217 746 319 784 enim
362 744 553 798 quaedam
592 746 690 784 aceti
731 759 891 800 genera,
934 744 1116 783 bacarum
1150 750 1190 784 et
1222 759 1427 800 pomorum
1462 746 1566 784 sucis

216 820 440 869 temperata,
469 830 569 869 quae
587 818 626 856 in
644 818 793 871 magnis
821 816 1012 857 caloribus
1034 830 1133 870 aqua
1152 817 1269 859 diluta
1289 817 1380 857 satis
1401 816 1566 857 iucunde

213 892 406 942 potantur,
434 901 561 941 neque
576 887 760 928 credibile
780 894 849 936 est,
876 901 921 927 ea
942 886 1055 941 plane
1073 887 1205 941 ignota
1224 889 1340 927 fuisse
1360 887 1567 928 veteribus.

213 959 298 1013 lpsa
326 960 442 1012 igitur
469 960 744 997 sententiarum
763 958 975 1011 aequalitas
1001 959 1165 997 suadere
1190 959 1354 1005 videtur,
1379 963 1423 997 ut
1449 959 1567 1012 dispi-

215 1031 371 1078 ciamus,
400 1043 448 1069 an
476 1043 553 1068 non
587 1034 852 1069 stramenta
891 1021 1064 1084 quoque,'
1106 1029 1246 1084 quibus
1271 1029 1336 1069 ille
1372 1028 1562 1076 utebatur,

213 1101 343 1155 paullo
372 1101 589 1141 accuratius
617 1100 807 1154 descripta
837 1102 992 1140 suerint:
1020 1114 1066 1141 ac
1093 1102 1170 1141 tale
1196 1102 1389 1156 quoddam
1416 1101 1563 1144 addita-

213 1178 386 1212 mentum
416 1172 529 1226 plane
557 1174 816 1211 necessarium
845 1178 937 1220 erat,
978 1178 1020 1211 ut
1046 1174 1232 1212 vitaretur
1260 1186 1397 1227 magna
1415 1186 1563 1212 sermo-

212 1245 269 1283 nis
296 1243 537 1297 ambiguitas.
594 1242 782 1283 Chremes
810 1245 912 1283 enim
939 1244 1029 1291 iste,
1063 1244 1095 1283 si
1120 1244 1170 1282 ita
1204 1243 1427 1297 loquentem
1454 1244 1563 1288 audi-

210 1316 329 1353 visset
341 1314 557 1363 Horatium,
570 1316 607 1353 in
624 1320 778 1368 promtu
789 1314 999 1361 habuisset,
1014 1314 1116 1367 quod
1135 1315 1397 1375 responderet.
1425 1314 1562 1368 ipsam,

211 1386 358 1439 opinor,
386 1387 585 1424 avaritiam
613 1387 783 1440 graviter
809 1391 1023 1431 aversatus,
1053 1390 1092 1424 et
1117 1384 1325 1424 valetudini
1346 1399 1388 1424 se
1416 1391 1454 1424 et
1482 1387 1561 1425 sru-

211 1456 357 1512 galitati
378 1454 552 1496 Romano
575 1457 718 1497 homini
739 1456 1126 1495 convenientissime
1145 1456 1365 1510 prospicere
1384 1456 1562 1496 dixisset:

208 1543 345 1568 senum
360 1530 462 1567 vires
491 1528 594 1568 nulla
614 1544 656 1568 re
683 1531 805 1583 magis
834 1527 1032 1574 debilitari,
1060 1542 1176 1581 quam
1203 1528 1317 1567 nimia
1335 1528 1461 1567 victus
1480 1527 1564 1567 cul-

207 1607 345 1656 tusque
385 1601 563 1650 mollitie,
605 1606 721 1655 atque
761 1601 853 1655 ipsis
892 1600 1106 1654 antiquis
1143 1605 1271 1638 torum
1300 1614 1321 1638 e
1349 1604 1559 1640 stramento

207 1675 324 1713 fuisse
351 1679 391 1712 et
408 1673 531 1712 simile
558 1673 742 1725 quiddam
770 1674 952 1711 usitatum
981 1672 1122 1711 esse-in
1142 1673 1288 1718 castris,
1309 1671 1558 1725 scilicet-quo

206 1744 445 1784 robustiores
487 1742 623 1783 fierent
649 1742 787 1782 milites
816 1745 866 1792 (v.
896 1742 991 1783 Plin.
1020 1756 1056 1783 n.
1084 1742 1120 1782 h.
1151 1740 1243 1781 Vlll.
1268 1742 1347 1793 48).
1403 1741 1561 1783 Poterat

207 1818 355 1863 deinde,
385 1818 417 1855 si
443 1815 574 1869 paullo
603 1815 754 1853 doctior
783 1820 875 1862 erat,
914 1814 1081 1868 Agesilai
1108 1814 1344 1852 mentionem
1371 1813 1473 1854 haud
1501 1815 1558 1854 in·

204 1889 314 1929 [ieete
342 1889 508 1936 iniicere,
545 1900 673 1941 quem,
709 1899 829 1940 quum
855 1886 938 1940 ipse
962 1898 1118 1939 quoque
1146 1886 1415 1939 octogenarius
1444 1891 1558 1933 esset,

203 1965 240 2001 in
260 1961 427 2014 Aegypti
456 1959 567 1998 litore
595 1957 706 1996 simili
734 1957 826 1995 olim
855 1963 975 1995 strato
1002 1970 1116 1995 usum
1143 1969 1228 1994 esse
1255 1961 1315 2008 ‘ut
1333 1961 1433 1995 terra
1455 1961 1567 1996 tecta*

203 2037 305 2073 esset
334 2032 552 2071 stramentis
579 2043 704 2085 neque
732 2028 809 2069 huc
828 2028 991 2085 amplius
1017 2042 1133 2084 quam
1153 2027 1263 2083 pellis
1282 2034 1385 2069 esset
1403 2029 1551 2070 iniecta'

201 2104 406 2144 Cornelius
425 2103 560 2157 Nepos
586 2108 715 2141 narrat
742 2103 780 2140 in
808 2103 883 2140 vita
905 2103 1021 2155 Ages.
1040 2115 1072 2140 c.
1090 2102 1126 2138 8.
1166 2101 1306 2147 Sentis,
1335 2102 1405 2140 nisi
1430 2101 1551 2148 fallor,

202 2177 335 2216 fortius
353 2174 591 2229 loquendum
611 2175 729 2214 fuisse
746 2173 924 2221 Horatio,
953 2172 1141 2227 siquidem
1163 2186 1248 2212 earn
1262 2171 1420 2212 volebat
1433 2173 1557 2212 avari-

201 2249 290 2285 tiam
306 2247 547 2294 describere,
577 2260 675 2300 quae
697 2259 818 2298 prope
842 2245 995 2283 abesset
1015 2245 1061 2283 ab
1088 2245 1254 2282 insania:
1282 2243 1409 2297 idque,
1432 2257 1554 2297 quan-

202 2324 283 2358 tum
312 2318 488 2372 equidem
517 2317 641 2365 video,
672 2315 850 2357 facillime
876 2316 927 2355 ita
956 2315 1053 2356 effici
1082 2320 1250 2370 poterat,
1278 2320 1321 2356 ut
1351 2314 1556 2355 adderetur

199 2390 354 2441 aliquid,
383 2390 484 2440 quod
505 2403 554 2427 ne
573 2390 652 2440 ipsa
674 2388 830 2439 quidem
858 2387 919 2425 illa
948 2393 1156 2425 stramenta
1185 2387 1284 2425 bona
1304 2387 1421 2425 ruisse
1440 2386 1555 2439 signi-

200 2461 341 2502 ticaret.
399 2458 558 2498 Abiecto
600 2459 713 2515 igitur
753 2456 818 2498 illo
859 2458 1001 2506 unde,
1044 2457 1147 2513 quod
1187 2472 1208 2497 e
1245 2457 1395 2498 duabus
1435 2455 1553 2497 literis
