1669 2839
798 88 867 134 ,76

158 197 273 244 leius,
313 203 353 237 et
380 198 568 238 dubitavit
593 199 814 240 rectissime.
871 198 981 249 Quae
1017 200 1118 239 enim
1150 200 1200 239 de
1233 198 1353 239 altero
1389 210 1505 237 versu

160 270 330 324 scripsit:
356 271 473 319 ‘itane
500 267 622 309 vero?
649 283 696 309 an
724 270 907 311 Horatius
934 275 1137 325 tantopere
1164 276 1319 318 curat,
1347 284 1395 310 ne
1424 284 1503 309 ser-

160 340 274 381 vulus
298 345 450 394 praeter
475 333 698 382 findatum
725 347 852 395 myrto
880 341 1021 396 aliquid
1049 341 1192 381 addat?
1218 343 1358 381 mirum
1375 341 1413 381 ni
1432 339 1504 380 Sa-

160 411 320 452 turnalia
347 417 439 451 tunc
453 411 663 467 agebantur
682 418 721 452 et
739 414 840 452 servi
867 413 1031 453 dominis
1056 412 1323 467 imperabant’,
1350 425 1395 452 ea
1419 410 1505 451 nul—

157 482 203 521 lis
231 482 357 523 adhuc
398 485 512 524 certis
539 498 585 525 ac
613 484 748 524 validis
789 484 1023 539 argumentis
1064 485 1227 523 refutata
1262 488 1361 523 sunt.
1413 480 1504 521 Non

159 555 298 594 desunt
313 556 480 609 quidem,
508 557 584 609 qui,
603 562 755 596 veteres
774 560 1098 597 commentatores
1117 557 1251 603 secuti,
1277 569 1369 607 ‘non
1392 552 1503 593 curo'

157 626 260 666 idem
286 640 371 666 esse
390 627 647 681 pronuntient,
667 628 771 682 quod
797 626 938 680 ‘nolo't
966 630 1005 665 at
1023 625 1271 666 fundamenta
1291 626 1322 666 si
1340 624 1504 680 quaeris,

159 697 297 751 quibus
325 699 622 752 explicationem
649 699 990 751 superstruxerint,
1019 702 1085 736 aut
1109 696 1213 736 nulla
1239 698 1411 737 invenies
1438 701 1504 736 aut

157 782 295 824 parum
313 768 440 809 firma.
482 768 617 810 Potest
645 769 821 808 dominus
849 769 904 808 sic
923 768 1004 807 fere
1032 766 1156 823 loqui:
1185 768 1347 822 ‘curabo
1365 780 1414 807 ne
1432 767 1503 806 ite-

156 855 242 880 rum
268 845 438 894 pecces',
466 847 506 880 at
520 855 566 881 ea
583 842 748 881 formula
776 842 944 896 graviter
970 841 1178 880 minitantis
1206 846 1265 880 est
1291 845 1329 880 et
1357 840 1404 879 ab
1431 839 1503 879 hu-

156 913 215 952 ius
244 911 422 952 carminis
447 910 638 952 hilaritate
664 912 959 965 aliena,'atque‚
1001 911 1032 949 si
1059 915 1165 950 recte
1206 911 1377 958 memini,
1420 909 1502 950 solo

157 984 283 1023 futuro
310 988 485 1036 tempore
511 986 564 1023 ita
590 989 750 1024 utuntur
784 984 874 1033 (vid.
901 984 1019 1036 intpp.
1046 982 1094 1021 ad
1121 981 1284 1022 Phaedr.
1312 981 1361 1022 V.
1387 983 1422 1020 2.
1449 983 1503 1032 4).

156 1054 294 1095 Lucilii
318 1059 449 1094 autem
477 1054 614 1103 verba,
642 1055 691 1094 ad
710 1067 811 1109 quae
837 1052 1007 1094 nonnulli
1035 1058 1268 1107 provocant:
1312 1052 1504 1102 ²Persium

155 1141 233 1166 non
260 1140 354 1166 curo
381 1126 529 1180 legere,
557 1126 731 1166 Laelium
759 1119 980 1166 Decumum
1006 1125 1114 1165 volo’
1144 1124 1242 1175 (Cic.
1272 1125 1319 1165 de
1339 1130 1434 1164 orat.
1460 1123 1501 1163 ll.

156 1200 194 1239 6.
209 1198 287 1250 25),
314 1210 512 1252 nunquam
541 1196 725 1247 efficient,
754 1203 796 1238 ut
824 1198 1026 1239 credamus
1059 1196 1216 1253 perinde
1251 1209 1349 1247 esse,
1375 1200 1504 1235 utrum

154 1270 291 1325 aliquis
318 1284 360 1310 se
388 1283 477 1310 non
504 1284 678 1310 curare
707 1271 849 1326 aliquid
877 1271 994 1319 dicat,
1024 1285 1072 1311 an
1100 1285 1142 1310 se
1170 1271 1207 1309 id
1241 1274 1383 1309 vetare.
1436 1267 1503 1307 Ille

155 1343 268 1390 enim,
294 1356 415 1397 quum
430 1342 636 1396 scriptores
663 1342 890 1398 plerumque
909 1356 1067 1398 operam
1087 1343 1232 1390 darent,
1259 1345 1302 1380 ut
1322 1353 1344 1379 a
1364 1340 1505 1380 doctis-

154 1415 259 1454 simis
284 1413 501 1468 quibusque
527 1413 760 1469 legerentur,
793 1420 836 1454 ut
857 1420 916 1453 est
934 1428 1026 1454 sane
1053 1413 1304 1454 honorificum
1332 1412 1506 1452 doctissi-

155 1498 240 1523 mos
259 1484 436 1524 homines
451 1491 518 1524 aut
541 1486 681 1525 docere
709 1491 776 1523 aut
803 1485 1013 1532 delectare,
1041 1485 1113 1523 sibi
1129 1485 1168 1524 id
1187 1498 1302 1523 curae
1322 1484 1504 1537 cordique

156 1571 241 1597 esse
277 1558 454 1611 negavit:
484 1557 584 1597 velle
612 1572 654 1597 se
682 1557 939 1597 mediocribus
965 1556 1131 1611 placere.
1178 1555 1353 1611 Eamque
1382 1555 1502 1610 expli-

156 1630 349 1668 cationem
377 1642 510 1668 veram
539 1643 635 1676 esse,
663 1630 745 1683 ipse
775 1628 913 1668 Cicero
942 1627 1159 1668 confirmat:
1186 1628 1224 1667 in
1250 1628 1374 1682 primo
1403 1630 1505 1669 enim

154 1700 251 1740 libro
280 1700 328 1740 de
356 1700 493 1740 finibus
523 1701 713 1741 bonorum
742 1706 780 1740 et
806 1700 1008 1747 malorum,
1035 1700 1101 1739 ubi
1128 1700 1176 1740 de
1204 1699 1340 1739 eadem
1367 1699 1504 1741 Lucilii

153 1773 343 1812 sententia
372 1772 559 1826 disputat,
593 1772 697 1813 nullo
726 1772 846 1812 verbo
875 1773 1014 1823 utitur,
1037 1773 1076 1811 in
1103 1785 1180 1826 quo
1207 1772 1413 1825 imperiose
1439 1772 1503 1813 vel

152 1844 307 1884 vetandi
340 1842 403 1884 vel
429 1843 586 1884 iubendi
613 1843 839 1901 significatio
867 1844 974 1891 insit,
1008 1844 1078 1884 sed
1112 1843 1221 1884 illum
1248 1857 1502 1885 recusasse

151 1917 253 1963 dicit,
281 1916 486 1970 quominus
500 1915 547 1954 ab
568 1916 745 1955 omnibus
770 1915 965 1970 legeretur
984 1913 1023 1965 (Ι.
1043 1914 1078 1953 3.
1095 1915 1152 1967 7),
1181 1929 1413 1970 quamquam
1426 1916 1502 1957 hoc

152 1989 266 2028 etiam
294 1987 527 2028 vocabulum
553 1987 684 2043 paullo
712 1988 847 2028 fortius
875 1992 944 2028 est.
999 1987 1202 2028 Accedunt
1220 1987 1303 2028 alia.
1330 1987 1501 2030 Primum

152 2062 253 2099 enim
280 2060 377 2099 haec
405 2059 579 2111 ‘sedulus
606 2060 729 2106 curo',
757 2060 848 2099 novi
876 2072 1010 2098 versus
1037 2060 1142 2098 initio
1164 2061 1298 2114 posita,
1325 2066 1404 2100 tam
1419 2068 1501 2101 arte

150 2132 249 2171 inter
263 2145 305 2171 se
321 2129 541 2179 cohaerent,
567 2137 609 2171 ut
636 2132 702 2170 vix
729 2130 857 2171 divelli
887 2145 1002 2186 posse
1031 2131 1243 2180 videantur,
1270 2132 1374 2186 quod
1395 2139 1501 2174 recte

105 2214 110 2221 '
151 2203 339 2244 intellexit
353 2202 585 2244 Lambinus:
613 2204 675 2244 hic
703 2218 808 2252 vero,
837 2217 957 2258 quum
974 2204 1101 2258 ipsum
1119 2203 1323 2244 Horatium
1351 2205 1501 2257 ‘sedulo

153 2277 325 2320 curasse’
356 2276 428 2317 sibi
462 2277 669 2332 persuasit,
707 2282 750 2316 ut
776 2275 969 2318 Latinitati
1010 2276 1210 2324 satisfecit,
1249 2277 1300 2316 ita
1332 2280 1501 2333 corrupit

152 2351 395 2390 sententiam:
431 2363 521 2390 nam
549 2349 640 2404 quid
656 2354 784 2404 potest
802 2350 1021 2405 perversius
1042 2363 1138 2398 esse,
1166 2362 1282 2403 quam
1304 2348 1499 2391 dominum

150 2434 229 2460 non
256 2421 381 2460 solum
408 2436 594 2469 curare,
623 2427 666 2460 ut
692 2436 827 2461 servus
856 2436 999 2476 operae
1025 2427 1169 2476 parcat,
1196 2420 1264 2460 sed
1291 2422 1405 2461 etiam
1432 2437 1497 2462 se-

149 2490 261 2532 dulo
304 2492 502 2534 curare?
550 2494 642 2534 Scio
679 2506 723 2533 ea
762 2493 882 2534 verba
922 2508 1046 2548 nuper
1086 2497 1277 2533 commate
1317 2494 1498 2550 distingui
