1669 2839
616 33 633 46 κ
708 0 772 59 2355*

359 170 632 212 huncvvexare
658 170 800 213 locum,
815 183 935 213 curae
959 177 1048 213 sunt
1074 177 1190 227 atque
1216 171 1348 222 labori,

359 249 541 298 quantum
569 243 798 284 carminibus
825 259 924 297 quae
951 251 1104 285 versant
1132 251 1247 298 atque
1272 249 1430 287 venenis

358 315 544 355 humanos
571 315 739 356 animos.>

204 386 420 429 Difficultas
454 387 591 428 horum
625 402 807 429 versuum
841 389 1006 443 alioquin
1045 389 1210 440 facilium
1237 396 1317 431 tota
1343 393 1381 431 in
1409 406 1543 431 eorum

205 474 292 500 cum
320 459 635 500 antecedentibus
661 461 929 501 coniunctione
964 466 1136 501 versatur
1163 476 1313 517 unaque
1339 464 1378 503 in
1404 463 1544 504 vocula

204 534 326 588 posita
355 539 423 573 est.
465 531 571 572 Dicit
597 531 770 588 Priapus,
798 548 840 573 se
868 548 917 574 ex
935 534 1074 582 ficulno
1094 540 1228 575 trunco
1257 536 1370 576 deum
1398 537 1543 575 factum

203 606 306 646 fures
321 605 456 645 dextra
485 619 678 654 coercere,
706 619 798 646 aves
826 611 968 646 terrere
994 606 1179 647 arundine
1197 608 1235 647 in
1256 608 1379 662 capite
1406 608 1543 662 posita,

205 682 406 730 totumque
425 676 666 730 Esquilinum
694 677 844 725 collem,
883 679 947 731 qui
974 683 1132 732 propter
1156 667 1423 733 sepulcrorum
1445 678 1543 718 mul-

204 748 404 789 titudinem
444 754 556 788 antea
593 749 710 790 tristis
739 754 777 789 et
804 763 926 804 paene
965 749 1115 790 infamis
1152 740 1202 790 ‘sit
1236 751 1358 798 visus,
1399 755 1544 790 mutata

203 822 300 862 facie
319 819 395 862 iam
414 826 453 861 et
470 820 728 862 habitantibus
748 827 786 862 et
803 821 1084 862 ambulantibus
1110 823 1421 863 iucundissimum
1441 837 1543 863 esse:

203 901 283 938 tum
312 900 525 949 sequuntur
542 909 676 936 versus
696 901 876 950 quattuor
895 909 1010 950 supra
1027 909 1049 935 a
1063 894 1173 936 nobis
1193 897 1383 951 exscripti.
1417 896 1544 947 Quae-

203 968 373 1009 rentibus
387 966 508 1016 nobis,
537 982 613 1022 quo
632 967 685 1008 illi
701 968 824 1009 modo<
844 982 933 1008 cum
960 967 1276 1021 praecedentibus
1303 969 1544 1017 cohaereant,

202 1041 301 1081 haec
329 1040 538 1094 respondet
566 1039 810 1094 Cruquianus
837 1045 1134 1081 commentator:
1178 1055 1330 1093 ‘sensus
1359 1047 1435 1081 est:
1470 1056 1542 1096 ego

157 1166 162 1172 .
203 1113 292 1154 novi
327 1112 427 1153 horti
468 1126 553 1152 sum
589 1112 713 1152 factus
748 1117 895 1161 custos,
934 1118 977 1151 ut
1003 1117 1167 1152 terream
1204 1113 1307 1152 fures
1349 1118 1388 1153 et
1426 1114 1544 1163 feras;

204 1187 272 1226 sed
297 1185 337 1225 hi
363 1185 453 1225 mihi
480 1197 557 1224 non
585 1183 767 1224 exhibent
794 1190 940 1224 tantum
967 1184 1108 1224 laboris
1130 1190 1168 1223 et
1188 1185 1397 1233 molestiae,
1425 1197 1543 1239 quan-

204 1265 285 1299 tum
313 1257 493 1299 mulieres
520 1255 739 1296 veneficae-⁹
792 1255 847 1296 Ea
877 1270 994 1310 quum
1021 1261 1126 1297 recte
1153 1256 1341 1312 disputata
1368 1257 1544 1298 videren-

203 1337 280 1378 tur,
322 1331 390 1371 sed
425 1331 475 1370 ita
510 1336 649 1378 tamen,
677 1334 720 1368 ut
744 1330 962 1370 accuratius
989 1330 1037 1369 de
1063 1330 1221 1384 singulis
1248 1331 1320 1371 dici
1349 1336 1387 1370 et
1413 1335 1544 1384 posset

204 1409 242 1444 et
269 1403 439 1451 deberet,
473 1402 707 1443 recentiores
732 1402 769 1441 in
800 1415 845 1441 eo
875 1402 954 1441 fere
985 1408 1278 1451 consenserunt,
1307 1403 1544 1443 ut·dicerent

204 1490 360 1531 quum,
389 1490 488 1530 quae
512 1474 651 1515 vocula
679 1475 801 1528 prima
830 1479 888 1514 est
904 1475 943 1514 in
960 1489 996 1514 v.
1022 1476 1080 1523 17,
1106 1476 1337 1530 respondere
1351 1474 1541 1521 uocabulo

203 1563 342 1598 nunc,
370 1548 473 1602 quod
499 1547 695 1603 praecedit
716 1561 752 1586 v.
776 1548 833 1588 14.
876 1545 986 1597 Quae
1013 1549 1384 1589 tamen-coniunctio
1412 1547 1541 1588 nescio

202 1637 250 1663 an
279 1621 523 1663 obscuritatis
551 1620 692 1673 aliquid
720 1619 868 1660 habeat.
912 1619 1063 1670 Quum
1092 1622 1192 1661 enim
1218 1620 1283 1662 ubi
1307 1626 1396 1676 post
1420 1633 1542 1660 nunc

201 1696 376 1742 insertur,
404 1692 617 1748 explicatur
643 1706 773 1733 rerum
800 1698 937 1740 status,
966 1707 1081 1747 quem
1108 1694 1256 1740 dicunt,
1283 1692 1406 1747 qualis
1432 1706 1543 1747 prae-

202 1767 299 1808 senti
335 1772 509 1821 tempore
542 1765 609 1806 sit:
652 1763 909 1818 Esquiliarum
948 1770 1076 1806 autem
1117 1780 1215 1821 quae
1248 1766 1407 1807 mutatio
1441 1765 1541 1805 facta

203 1846 316 1888 esset,
343 1840 453 1888 iniis,
482 1852 580 1893 quae
607 1838 783 1893 proxime
811 1839 1052 1896 antecedunt,
1078 1844 1156 1879 tam
1182 1839 1296 1894 plene
1322 1852 1367 1879 ac
1394 1838 1457 1878 vel
1475 1852 1541 1879 co-

202 1915 309 1969 piose
336 1913 503 1954 narravit
529 1910 701 1966 PriapuS‚
729 1916 771 1950 ut
793 1912 857 1964 qui
885 1910 981 1952 haec
1000 1910 1136 1967 legerit
1159 1928 1193 1952 v.
1218 1913 1264 1952 14
1292 1925 1427 1966 ιῐιιιῐιο
1453 1910 1543 1950 licet

202 1986 381 2041 Esquiliis
408 1971 580 2025 habitare
609 1983 824 2023 salubribus
852 1984 937 2024 cet:
965 1985 1119 2025 minime
1146 1986 1267 2040 possit
1292 1984 1428 2024 dubius
1446 1996 1541 2031 esse,

202 2058 338 2114 quibus
364 2059 402 2098 in
430 2057 546 2098 rebus
573 2070 755 2112 praesens
783 2057 949 2097 conditio
985 2058 1100 2111 priori
1134 2058 1378 2113 praestiterit,
1417 2071 1542 2111 neque

202 2132 406 2185 quicquam
433 2130 557 2169 minus
586 2135 823 2183 exspectare,
851 2143 967 2183 quam
994 2135 1037 2169 ut
1056 2131 1093 2170 in
1113 2129 1358 2184 sequentibus
1386 2130 1541 2170 demum

201 2210 421 2259 temporum
462 2202 712 2242 mutationem
750 2202 940 2242 describat
965 2208 1089 2257 poeta,
1124 2205 1190 2243 abt
1223 2203 1397 2242 videatur
1438 2189 1557 2244 certe·

200 2277 340 2316 iterum
367 2275 584 2316 describere
610 2273 721 2314 velle.
774 2272 814 2313 ld
842 2288 959 2327 quum
990 2280 1095 2315 recte
1129 2275 1282 2329 quidam
1318 2274 1541 2330 languidum

200 2348 433 2389 iudicassent
461 2355 498 2390 et
524 2348 677 2405 garrulo
711 2345 865 2387 homine
899 2362 1012 2402 quam
1040 2347 1198 2389 Horatio
1227 2348 1393 2403 digniuS,
1427 2346 1539 2388 aliam

201 2424 273 2478 ipsi
293 2423 560 2476 excogitarunt
577 2420 940 2475 interpretationem,
964 2425 1007 2459 ut
1018 2420 1200 2476 Priapum
1218 2422 1272 2459 sic
1288 2421 1366 2459 fere
1379 2419 1536 2475 loquen-

202 2501 283 2537 tem
314 2496 504 2537 facerent:
522 2547 527 2551 Δ
546 2508 632 2548 ινοε
659 2505 780 2534 nunc
806 2492 1075 2534 iucundissime
1109 2493 1146 2533 in
1172 2490 1270 2534 colle
1297 2496 1337 2532 et
1364 2490 1540 2542 habitatis
