1669 2839
716 14 856 138 ,β

86 212 199 266 parte
225 204 376 244 leonem
403 199 684 253 conspexisset,
728 199 759 238 si
787 198 945 252 propius
973 196 1238 237 advenientem
1273 193 1430 234 vidisset

110 281 184 319 iam
209 276 362 329 iamque
389 268 582 327 peritura',
610 275 675 311 aut
702 270 875 327 fugisset,
905 270 1050 324 opinor,
1078 272 1144 307 aut
1170 271 1275 306 metu
1301 265 1429 305 exani-

94 353 194 389 mata
221 346 407 391 stetisset,
433 342 543 382 laetis
571 349 675 384 certe
704 343 856 398 pascuis
882 343 1066 382 intenta
1095 355 1176 382 non
1210 339 1345 379 {uisset
1379 337 1434 386 (cf

95 433 211 459 carm.
238 417 265 457 Ι.
296 418 353 457 15.
380 416 429 454 29
457 419 568 468 sqq.).
624 415 711 466 Qua
739 416 800 455 via
828 416 859 454 si
886 416 1099 469 pergimus,
1139 409 1432 467 probabiliorem

94 496 186 547 puto
212 488 518 534 emendationem
542 488 701 529 inveniri
720 500 846 542 posse.
887 485 1048 528 Pascuis
1072 486 1172 525 enim
1199 484 1230 523 si
1254 483 1433 522 intenta

94 565 162 604 fuit
189 575 343 615 caprea,
376 559 528 599 leonem
556 561 636 598 sine
666 557 781 598 dubio
809 572 885 598 non
913 558 1010 599 vidit
1035 560 1256 613 priusquam
1283 556 1436 595 adesset

94 648 139 673 ac
167 645 348 687 praesens
382 636 500 673 esset:
541 636 664 686 atque,
698 628 886 677 eiusmodi
927 630 1068 685 aliquid
1105 628 1307 669 dicendum
1356 631 1437 666 erat

92 704 268 750 Horatio,
310 704 339 743 si
377 701 533 742 volebat
558 702 677 742 Drusi
715 699 850 742 laudes
877 703 995 758 plene
1022 709 1061 743 et
1088 703 1200 757 digne
1232 699 1436 741 celebrare.

91 774 246 816 Etenim
265 773 328 814 ille
350 787 472 829 paene
492 774 640 814 divinus
669 771 900 815 adolescens
918 789 994 818 non
1013 773 1138 815 solum
1161 772 1314 819 Raetos,
1340 782 1438 826 quos

94 848 193 886 circa
212 846 245 885 T
247 847 453 886 ridentinos
481 850 631 884 montes
651 843 787 883 obvios
813 845 961 894 habuit,
988 846 1210 896 διαταχέων
1226 843 1439 898 ἐτρέψατο,

94 917 197 973 quod
227 916 384 957 Cassius
410 916 485 957 Dio
516 919 679 955 testatur
706 902 810 956 LIV.
839 918 907 966 22,
946 919 1012 959 sed
1046 923 1248 972 utramque
1273 919 1439 972 gentem,

94 989 238 1035 Raetos
258 995 296 1029 et
314 988 545 1036 Vindelicos,
574 992 864 1030 communicata
893 1004 981 1030 cum
1006 991 1159 1032 Tiberio
1184 992 1299 1030 fratre
1324 1000 1442 1041 opera

94 1061 290 1103 celerrime
318 1061 485 1118 subegit:
513 1074 589 1102 una
617 1062 725 1103 enim
754 1067 900 1103 aestate
926 1069 1081 1120 ⁵gentes
1105 1063 1200 1105 locis
1225 1060 1441 1108 tutissimas,

94 1136 198 1174 aditu
225 1135 473 1181 difficillimas,
501 1148 668 1174 numero
688 1136 923 1189 frequentes,
951 1138 1100 1176 feritate
1129 1143 1274 1188 truceS,
1301 1135 1442 1173 maiore

94 1221 181 1247 cum
208 1205 378 1262 periculo
406 1220 521 1264 quam
549 1205 697 1248 damno
725 1206 891 1248 Romani
920 1209 1128 1257 exercitus,
1165 1207 1326 1264 plurimo
1353 1218 1442 1246 cum

93 1293 224 1318 earum
249 1278 447 1333 sanguine'
474 1278 701 1332 perdomuit
729 1279 917 1329 (Velleius
930 1280 974 1320 11.
991 1282 1068 1330 95).
1121 1281 1174 1321 Ut
1199 1282 1313 1335 igitur
1338 1279 1443 1317 initio

93 1352 268 1392 carminis
304 1351 486 1408 aquilam,
527 1365 622 1394 cum
650 1365 727 1409 qua
753 1351 926 1395 Drusum
965 1358 1181 1410 comparat,
1230 1349 1445 1393 fulminis

91 1424 303 1463 ministrum
331 1424 510 1479 appellat,
542 1439 589 1465 ac
617 1425 781 1464 vivido
810 1439 852 1465 se
878 1427 1030 1480 impetu
1056 1428 1093 1466 in
1121 1426 1234 1465 ovilia
1251 1424 1447 1464 demisisse

92 1495 181 1535 dicit
208 1511 244 1536 v.
274 1497 341 1536 10:
382 1498 433 1536 ita
460 1496 500 1537 in
528 1496 607 1540 hoc
636 1498 750 1539 etiam
772 1497 957 1548 'simili‚·a
988 1499 1103 1540 leone
1135 1498 1270 1546 ducto,
1297 1496 1344 1537 de
1372 1509 1447 1536 ce-

90 1567 286 1607 leritate
326 1568 472 1622 aliquid
514 1571 739 1611 addendum
774 1576 874 1618 erat,
916 1584 996 1624 qua
1022 1572 1088 1611 ille
1126 1583 1302 1624 capream
1331 1568 1447 1607 corri-

90 1639 245 1693 puisset.
300 1639 388 1680 Hac
416 1642 752 1697 argumentatione
780 1642 952 1683 adducor
979 1649 1028 1685 'ut
1055 1644 1219 1691 credam,
1246 1640 1447 1681 Horatium

88 1711 140 1750 ita
167 1713 385 1767 scripsisse:

357 1825 359 1827 .
382 1785 597 1840 qualemve
623 1790 734 1829 laetis
762 1778 902 1844 caprea
929 1790 1088 1845 pascuis

381 1859 522 1897 intenta
551 1860 694 1901 fulvae
722 1862 851 1900 matris
880 1861 1080 1901 ab..ubere

382 1932 455 1970 iam
484 1936 635 1976 taneta
662 1934 867 1989 depulsum
895 1934 1054 1975 'leonem

382 2002 495 2042 dente
522 2017 643 2048 novo
671 2007 841 2061 peritura
871 2007 987 2047 vidit:

382 2075 511 2114 Videre
554 2079 686 2120 Raetis
713 2079 818 2120 bella
850 2081 923 2120 sub
951 2078 1109 2132 Alpibus

379 2143 570 2193 Drusum
597 2148 798 2208 gerentem
826 2150 1034 2192 Vindelici.

88 2216 301 2270 Tangere
328 2221 431 2255 recte
460 2224 594 2263 e'tiam
618 2226 662 2264 iis
690 2226 738 2265 de
766 2224 893 2265 reibus
920 2224 994 2263 dici
1018 2227 1148 2276 posse,
1189 2232 1286 2272 quae
1314 2232 1454 2273 magna

88 2288 126 2328 vi
153 2301 368 2344 magnoque
394 2288 470 2343 imp
484 2300 559 2335 'etu
583 2296 621 2335 in
649 2296 791 2352 aliquid
832 2298 991 2343 irruant,
1027 2306 1142 2348 quum
1176 2291 1247 2331 alia
1273 2290 1455 2331 nonnulla

91 2360 265 2416 exempla
303 2359 439 2400 demon
463 2372 598 2415 strant,
639 2372 719 2407 tum
756 2370 821 2426 inp
842 2369 943 2409 rimis
977 2364 1155 2405 sollennis
1193 2362 1355 2404 formula
1391 2362 1454 2416 ⁸de

94 2431 199 2487 coelo
228 2432 347 2488 tangi'
374 2439 457 2480 νηί
483 2437 656 2506 ¹fulmine
683 2441 811 2505 tangi?
