1669 2839
13 269 31 275 ’·
52 291 55 296 .
80 310 82 312 q
130 261 213 300 iore
222 251 352 316 Qu
378 257 461 296 iure
489 257 588 310 epici
615 254 688 295 sibi
707 256 900 309 vindicare
920 259 1109 308 poterant
1148 234 1303 296 Addidit
1320 254 1475 308 quidem

128 329 226 381 haee
252 320 375 386 pede
394 332 453 367 ter
479 323 710 382 percusso’,
737 327 874 382 quibus
901 322 940 367 id
956 339 1146 383 versuum
1181 341 1304 383 genus
1332 328 1475 368 descri-

129 403 213 459 psit,
239 400 346 457 quod
372 400 551 445 scenicae
575 401 705 455 poesis
732 401 928 456 proprium
955 404 1056 440 erat-2
1090 405 1128 440 at
1154 401 1305 455 epicam
1326 406 1371 441 et
1396 406 1472 441 tra-

126 475 254 531 gicam
278 474 421 528 poesin
439 475 493 514 ita·
519 472 695 520 definire,
735 479 779 513 ut
803 475 841 514 in
869 473 1011 513 factis
1045 465 1286 532 celebrandis
1310 472 1470 513 alteram

87 555 89 557 '
127 546 358 590 hexametris
385 546 441 586 uti
468 545 604 594 dicas,
611 545 786 598 alteram
799 530 1019 602 trimetris,
1016 545 1120 585 rude
1148 528 1329 600 quiddam
1354 545 1469 585 habet

129 624 166 659 et
184 617 315 676 paene
342 617 507 671 puerile,
546 617 654 671 quod
694 627 792 657 non
804 617 962 672 dignum
1002 603 1151 662 videtur
1185 616 1364 666 Horatio,
1403 619 1467 673 qui

126 689 233 732 libro
251 690 336 743 de
325 688 409 745 lpsa
436 687 585 745 poetica
614 695 696 731 arte
730 692 878 747 scripto
921 704 1099 753 magnam
1136 689 1291 731 laudem
1318 692 1467 736 meruit.

127 761 288 807 Accedit
314 763 446 816 quod
436 777 476 803 m
494 763 632 803 eodem
658 776 777 802 versu
804 775 897 816 epos
925 761 1048 801 forte
1074 752 1230 802 dieitur:
1259 764 1365 817 quod
1387 763 1468 802 eius

128 833 323 891 epitheton
350 835 418 875 vix
445 835 586 890 poterit
613 835 704 874 satis
734 832 933 889 explicari,
970 834 1041 874 nisi
1068 835 1246 874 carminis
1281 835 1468 875 fortitudi-

128 892 216 948 nem
243 908 281 947 in
309 920 355 947 eo
385 908 487 947 cerni
528 908 678 955 statuis,
717 907 836 961 quod⁴
859 911 974 960 poeta
1012 911 1114 947 totus
1141 907 1179 946 in
1207 907 1322 948 rebus
1349 909 1468 964 gestis

126 979 188 1021 vel
211 974 412 1021 'narrandis
440 980 503 1020 vel
530 979 791 1022 describendis
810 968 994 1027 versetur,
1022 980 1073 1022 ita
1092 985 1135 1019 ut
1159 980 1288 1034 ipsum
1313 963 1468 1023 carmen

126 1053 214 1092 inde
241 1048 413 1092 colorem
440 1054 568 1094 ducat.
610 1052 798 1093 Estssenim
821 1046 1237 1106 epicorumpoetarum
1265 1067 1343 1106 ‘res
1362 1067 1468 1093 com-

127 1139 270 1181 ponere
297 1128 457 1181 gestas‘‚
495 1130 536 1165 ut
564 1126 623 1165 ait,
643 1120 826 1165 Horatius
854 1124 962 1178 epist.
990 1123 1034 1165 ΙΙ,
1065 1125 1097 1164 l.
1125 1125 1212 1173 251,
1240 1114 1374 1180 neque*
1394 1125 1467 1167 alia

128 1198 175 1238 de
195 1211 310 1238 causa
328 1198 367 1237 in
386 1179 557 1237 eiusdem
587 1195 770 1250 epistolae
799 1209 837 1234 v.
856 1196 908 1236 50
937 1196 1102 1236 Ennium
1130 1198 1147 1235 f
1153 1202 1308 1236 ortem
1336 1186 1466 1252 appel-

111 1269 196 1313 ,lari
237 1269 425 1318 existimo,
466 1283 579 1324 quam
622 1268 726 1324 quod
765 1269 914 1323 ‘panxit
953 1270 1120 1310 maxima
1159 1270 1259 1310 facta
1299 1271 1467 1325 patrum'

130 1343 227 1393 (Cic.
256 1342 372 1382 Tusc.
401 1341 425 1381 I.
458 1342 517 1381 15.
544 1342 621 1392 34).
675 1341 784 1380 Haec
811 1342 842 1380 si
869 1352 963 1381 vera'
989 1348 1093 1390 sunt,
1120 1346 1234 1382 nemo
1262 1343 1373 1382 facile
1399 1357 1467 1383 ne-

128 1416 285 1471 gaverit,
313 1413 513 1455 Horatium
543 1413 691 1454 exiliter
717 1414 890 1456 locutum
918 1430 1013 1464 esse,
1051 1416 1080 1455 si
1108 1415 1206 1456 intra
1234 1429 1353 1456 unum
1380 1430 1468 1456 ver·

128 1503 214 1527 sum
241 1493 279 1526 et
306 1500 399 1542 epos
440 1493 595 1542 propter
635 1488 736 1526 facta
777 1489 876 1527 sorte
916 1488 1139 1542 appellavit,
1182 1495 1220 1527 et
1253 1488 1468 1528 Pollionem

107 1560 315 1608 laudavit,
356 1559 458 1614 quod
485 1560 523 1599 in
551 1559 747 1614 tragoedia
787 1560 888 1600 facta
915 1566 1079 1601 caneret.
1130 1559 1200 1599 Est
1226 1560 1264 1600 id
1292 1560 1385 1609 tale,
1424 1566 1467 1600 ut

128 1633 291 1673 fortasse
319 1633 433 1672 etiam
452 1632 553 1672 bono
574 1637 712 1686 poetae
740 1634 919 1674 excidere
938 1634 1120 1689 potuerit:
1149 1638 1187 1671 at
1212 1647 1331 1686 quum
1352 1632 1466 1673 lenis-

132 1707 225 1746 sima
252 1706 463 1747 mutatione
491 1719 644 1746 omnem
674 1705 950 1748 dubitationem
977 1706 1112 1747 tollere
1133 1706 1247 1761 idque
1266 1706 1467 1747 restituere

129 1778 253 1826 liceat,
282 1778 385 1833 quod
413 1778 650 1832 aptissimum
679 1784 747 1828 est,
776 1780 954 1834 equidem
980 1771 1049 1819 vix*
1074 1780 1195 1818 ausim
1223 1779 1465 1828 contendere,

130 1851 301 1892 librarios
332 1857 380 1891 ‘ea
413 1850 620 1899 vocabula,
662 1865 761 1906 quae
801 1866 916 1907 saepe
954 1853 992 1892 in
1017 1852 1213 1892 codicibus
1253 1856 1466 1905 permutata

131 1929 236 1972 sunt,
276 1923 350 1964 hoc
389 1923 475 1963 loco
516 1928 594 1963 tam
634 1929 811 1964 accurate
852 1925 1085 1972 distinxisse,
1121 1929 1162 1963 ut
1187 1923 1273 1979 plus
1312 1922 1466 1963 illorum

59 2036 66 2039 ,
91 1985 110 1998 '³
133 1996 349 2052 diligentiae
377 1997 620 2037 tribuendum
647 1998 711 2046 sit,
744 2011 858 2052 quam
884 1997 1093 2052 legentium
1119 1997 1269 2038 iudicio.
1323 1995 1467 2038 Veram

135 2070 250 2123 igitur
278 2071 504 2124 scripturam
530 2069 629 2110 hanc
657 2084 741 2109 esse
768 2070 948 2110 coniicio:

841 2141 963 2183 Pollio
992 2157 1127 2199 regum

285 2217 302 2255 f
309 2222 383 2256 ata
411 2217 513 2256 canit
537 2216 635 2271 pede
661 2221 720 2256 ter
746 2229 947 2271 percusso:
976 2217 1074 2257 forte
1094 2231 1187 2271 epos
1213 2231 1313 2265 acer,

287 2294 330 2328 ut
355 2302 481 2337 nemo,
510 2287 649 2328 Varius
678 2289 791 2329 ducit.

133 2358 234 2401 Nam
252 2361 347 2403 illud
363 2362 516 2417 quidem
536 2362 745 2402 verendum
759 2376 836 2403 non
852 2369 942 2411 erat,
970 2378 1018 2403 ne
1033 2363 1131 2403 hanc
1145 2363 1346 2404 formulam
1370 2364 1463 2417 ‘sata

135 2435 288 2474 canere'
327 2436 380 2475 ita
417 2436 582 2491 positam
608 2435 655 2475 de
687 2436 916 2476 vaticinandi
955 2437 1135 2478 facultate
1173 2438 1463 2492 interpretaren-

135 2510 215 2544 tur:
250 2508 374 2549 fatalis
401 2514 530 2549 autem
556 2508 792 2548 necessitatis
818 2510 857 2548 in
884 2511 1036 2564 antiqua
1064 2511 1260 2564 tragoedia
1287 2523 1350 2548 cas
1376 2523 1463 2562 par-

136 2582 194 2618 tes
220 2580 335 2622 fuisse
363 2587 522 2630 constat,
564 2587 606 2621 ut
639 2594 737 2637 quae
762 2581 800 2621 in
829 2582 951 2621 scenis
992 2588 1194 2638 agerentur
1234 2582 1463 2635 ‘coniunctis
1516 2624 1523 2635 ⁴
