1669 2839
707 56 804 121 rer
925 84 928 89 ›
1033 57 1066 87 ⁴³*

83 170 489 237 stitine‘mirecte'nunc
512 182 691 236 plerique
710 183 1047 237 grammaticorum
1066 183 1196 233 dicunt
1218 197 1314 231 esse,
1343 197 1418 224 non

85 241 335 301 criticorum)
356 256 471 296 Falso
505 254 606 294 mihi*
624 253 671 293 ab
700 253 909 294 editoribus
935 255 1151 309 inter-pungi
1178 254 1354 297 videntur
1381 254 1419 293 hi

84 339 218 372 versus
245 332 354 385 epist.
382 327 408 367 Ι.
441 328 497 367 16.
524 327 576 366 30
603 342 677 380 sq.:

170 393 172 395 v
263 414 382 456 quum
410 400 550 452 pateris
578 400 727 459 sapiens
755 398 1058 453 emendatusque
1087 401 1227 446 vocari,

263 472 523 527 respondesne
551 476 628 518 tuo,
656 470 717 510 die
744 471 870 518 sodeS,>
898 471 1095 513 nomine?-

20 537 23 543 Ι
82 548 194 588 Nam>
211 559 329 600 quum
358 558 409 584 ex
437 543 711 596 antiquioribus
743 544 915 593 nonnulli
956 558 1041 583 eam
1080 532 1263 584 rationem
1290 548 1418 585 ,secuti

81 619 243 663 essent,-
267 621 309 655 ut
335 616 522 654 nomine
558 615 743 656 dicerent⁴
763 616 955 668 antiquam
980 616 1097 655 dativi
1132 618 1292 656 formam
1321 632 1417 664 esse,

51 719 54 721 ,
83 690 332 736 recentiores»,
369 677 508 741 quibus
535 686 571 725 id
601 686 737 726 durum
764 700 811 725 ae
838 687 904 725 vix
929 685 1089 726 Horatio
1126 688 1283 742 dignum
1314 690 1418 729 vide-

83 742 459 809 batirrfniffluerunt
487 758 534 797 de
562 763 672 797 sexto
709 771 802 798 casu
829 759 1010 812 cogitare.
1064 761 1188 813 Atque
1214 759 1307 800 illud
1334 762 1417 814 qui-

82 834 169 873 dem
197 837 302 871 recte
330 833 520 887 fecerun-t:
548 823 819 883 interpretandi
844 831 1044 883 negotium
1071 832 1201 872 dubito
1220 847 1312 872 num
1333 832 1416 872 feli-

81 906 174 944 citer
208 904 252 942 iis
286 903 461 950 cesserit,
499 903 576 941 imo
615 915 731 955 quam
766 915 868 942 nunc
907 901 1080 956 plerique
1122 903 1416 959 explicationem

80 975 371 1030 amplectuntun
399 988 485 1014 eam
511 974 600 1013 mihi
618 987 694 1012 non
714 974 934 1014 satisfacere
963 974 1061 1014 ultro
1090 975 1280 1029 profiteor.
1318 976 1415 1016 Mili-

81 1055 138 1089 tes
166 1048 276 1095 enim,
305 1050 326 1086 a
346 1045 483 1100 quibus
511 1036 713 1085 formulam
733 1051 926 1099 sumptam
946 1046 1090 1095 volunt,
1117 1062 1235 1101 quum
1256 1062 1305 1087 ex
1326 1047 1414 1088 albo

81 1122 253 1167 citantur,
280 1119 515 1172 respondent
542 1118 595 1156 ad
623 1118 828 1164 nomina,
855 1132 933 1157 non
961 1120 1051 1172 ipsis
1079 1121 1157 1159 suis
1183 1121 1414 1160 nominibus:

81 1197 238 1246 apparet
278 1196 424 1237 autem,
465 1190 496 1228 si
524 1188 676 1243 quando
711 1188 799 1228 talia
828 1191 865 1229 in
894 1189 1005 1244 plane
1046 1191 1216 1231 diversas
1253 1206 1314 1232 res
1347 1207 1416 1246 per

81 1263 363 1302 similitudinem
390 1261 580 1314 quandam
608 1261 890 1305 transferantur,
917 1263 963 1299 in'
973 1262 1065 1314 ipsis
1086 1264 1142 1309 iis,
1171 1278 1269 1316 quae
1293 1270 1415 1304 trans-

80 1337 268 1382 feruntur,
302 1333 393 1374 nihil
421 1333 644 1373 mutandum
674 1346 776 1380 esse,
813 1347 931 1386 quum
959 1348 1035 1374 non
1064 1335 1199 1375 deceat
1226 1351 1288 1384 ea,
1316 1351 1416 1391 quae

80 1408 158 1460 ipsa
187 1412 229 1445 ut
254 1405 512 1459 intelligantur
538 1409 682 1443 attente
709 1404 872 1458 legenda
896 1411 1000 1451 sunt,
1038 1407 1274 1460 impeditiora
1301 1409 1416 1450 etiam

80 1484 193 1533 atque
221 1477 442 1518 obscuriora
470 1466 661 1516 redderes
696 1475 860 1515 Tollitur
899 1482 1028 1517 autem
1069 1481 1191 1518 omnis
1228 1479 1415 1521 eiusmodi

82 1550 294 1597 difficultas,
322 1550 352 1587 si
382 1548 544 1588 alterum
571 1562 726 1588 versum
754 1549 804 1587 ita
823 1549 1048 1590 scribimus:

260 1620 520 1673 respondesne
548 1624 613 1658 tuo
643 1620 720 1672 ‘dic
748 1620 880 1659 sodes'
907 1621 1087 1661 nomine?

77 1696 100 1733 i.
120 1709 152 1733 e.
173 1694 237 1746 qui
265 1698 303 1731 te
322 1693 533 1746 sapientem
561 1691 882 1746 emendatumque
909 1698 1060 1741 vocant,
1087 1694 1229 1735 faciunt
1254 1698 1292 1737 id
1323 1713 1415 1740 sane

45 1760 56 1765 “
77 1779 147 1804 suo
174 1762 362 1819 periculo:
401 1768 442 1802 tu
468 1776 561 1802 vero
590 1776 709 1817 quum
744 1763 831 1803 talia
859 1764 1045 1818 patienter
1071 1766 1196 1815 audis,
1224 1783 1300 1810 non
1329 1784 1415 1810 cor-

80 1838 184 1876 recto
212 1836 365 1876 illorum
392 1850 534 1883 errore,
562 1850 690 1875 nonne
716 1836 755 1878 id
781 1836 881 1876 idem
909 1842 978 1884 est,
1002 1851 1047 1877 ac
1074 1840 1105 1877 si
1132 1842 1334 1896 unicuique
1361 1845 1413 1883 ita

76 1912 113 1946 te
132 1906 302 1947 laudanti
328 1913 394 1948 tuo
413 1909 567 1948 nomine
595 1906 829 1963 respondeas
856 1907 934 1960 ‘dic
952 1908 1107 1948 sodes'?
1147 1909 1244 1951 Tam
1272 1912 1412 1954 blando

78 1980 266 2018 vocabulo
292 1995 360 2019 cur
387 1983 442 2021 uti
469 1981 615 2020 dicatur
649 1979 762 2019 homo
797 1993 918 2019 vanus
946 1986 985 2019 et
1010 1983 1121 2021 nimis
1149 1984 1219 2022 sibi
1245 1985 1413 2038 placens,

75 2049 302 2104 intelligitur·
323 2066 373 2092 ex
398 2052 468 2102 his,
496 2065 594 2106 quae
621 2050 920 2105 subsequuntur:
955 2066 1111 2108 ‘nempe
1139 2055 1196 2094 vir
1224 2055 1347 2097 bonus
1375 2063 1412 2097 et

78 2121 244 2174 prudens
271 2122 344 2162 dici
371 2123 586 2165 delector
613 2137 685 2178 ego
715 2137 760 2164 ac
786 2123 849 2163 tu.’

142 2229 147 2232 ,
176 2191 297 2232 Simili
323 2195 414 2234 vitio
441 2195 539 2237 haec
564 2196 738 2237 laborant
764 2200 832 2235 sat.
860 2195 887 2235 Ι.
913 2196 949 2237 3.
975 2198 1026 2237 38
1053 2212 1152 2253 sqq.:

299 2317 304 2321 .
587 2274 799 2311 amatorem
828 2269 931 2323 quod
958 2272 1103 2311 amicae

178 2338 301 2391 turpia
330 2337 521 2391 decipiunt
540 2344 707 2380 ‘caecum
736 2342 836 2389 vitia,
863 2347 929 2380 aut
956 2344 1070 2383 etiam
1096 2345 1180 2399 ipsa
1206 2345 1301 2386 haec

180 2407 379 2456 delectant,
407 2408 525 2449 veluti
555 2411 758 2453 Balbinum
786 2412 949 2467 polypus
975 2413 1149 2470 Hagnae.

77 2473 165 2517 Non
192 2492 348 2532 possum
368 2481 465 2522 mihi
497 2484 745 2536 persuadere,
787 2485 1006 2536 Horatium,
1048 2490 1112 2543 qui
1147 2495 1267 2530 totum
1307 2488 1408 2537 hunc
