1669 2839
711 92 793 139 181

90 222 173 248 eam
212 208 395 248 rationem
435 207 669 246 monstravit.
723 205 886 253 Duobus
920 206 1308 249 seculisanteidem
1338 211 1418 265 pla-

88 284 218 320 cuerat
246 278 452 326 Glareano,
488 279 549 331 qui
581 292 685 318 suas
707 279 760 327 ⁴in
790 278 835 329 Q.
864 278 1063 317 Horatium
1092 279 1271 320 Flaccum
1300 284 1416 323 adno-

56 351 59 354 ‘
86 350 263 390 tationes'
291 350 505 404 recognitas
534 350 649 389 edidit
676 349 705 388 F
709 349 849 404 riburgi
879 350 1071 404 Brisgoiae
1100 366 1133 389 a:
1164 352 1273 399 1535,
1309 355 1414 408 isque

86 436 215 461 rursus
242 421 423 461 lodocum
441 419 603 465 Badium
623 422 848 473 Ascensium
876 435 967 460 suae
995 424 1202 462 sententiae
1216 430 1412 464 auctorem

84 494 223 545 laudat.
279 494 327 532 At
345 525 347 527 ,
364 491 513 546 longius
555 493 667 531 etiam
709 492 999 547 regrediendum
1041 499 1106 531 est.
1169 494 1411 549 Quamquam

85 567 182 604 enim
211 570 360 604 veteres
389 569 710 603 commentatores
739 579 871 603 omnes
889 563 1168 604 Archilochum
1193 566 1244 605 ibi
1272 569 1410 622 signifi-

31 671 33 674 .
83 636 480 681 cari'arbitratisunt,
509 648 607 673 unus
635 640 761 674 tamen
782 650 830 675 ex
853 637 897 675 iis
925 649 999 675 non
1027 636 1225 690 ignoravit,
1253 637 1298 676 ab
1327 639 1409 678 aliis

81 708 264 747 Alcaeum
291 706 459 761 intelligi.
500 695 798 760 porphyrionem
827 708 923 754 dico,
952 707 1058 746 cuius
1083 708 1273 750 adnotatio
1292 710 1407 751 haec:

80 778 196 831 ‘hunc
216 780 304 833 ego]
328 777 599 818 Archilochum
619 777 761 816 scilicet
780 792 854 816 non
884 778 1036 817 alium’
1059 785 1173 825 certa,
1204 783 1244 817 ut
1263 781 1406 833 opinor,

79 850 343 889 emendatione
369 851 419 888 ita
448 850 671 904 corrigenda
699 855 772 889 est:
815 848 1101 902 ‘Archilochum
1130 850 1290 899 scilicet,
1330 866 1417 892 non·

78 921 321 961 Alcaeum.'
376 921 507 975 Itaque
536 924 566 960 si
593 910 792 961 auctorum
820 927 1007 961 vetustate
1034 926 1155 977 ipsam
1183 923 1415 976 explicati0->

77 1007 168 1033 num
195 994 457 1033 auctoritatem
485 995 643 1041 metiris,
687 999 817 1033 neutra
846 994 968 1033 neutri
995 994 1242 1048 praeferenda
1271 1000 1350 1050 estg
1375 997 1405 1034 si

77 1066 123 1105 ad
152 1066 271 1105 solam
300 1068 584 1120 grammaticam
625 1069 808 1112 rationem
838 1067 1022 1120 'respiciS,
1054 1065 1144 1104 nihil
1171 1066 1319 1105 videtur
1346 1068 1403 1106 in-

76 1138 192 1187 veniri
221 1151 352 1192 posse,
390 1152 457 1178 cur
485 1137 657 1178 alteram*
676 1145 800 1179 utram
826 1138 949 1179 solam
977 1137 1193 1192 probemus
1248 1138 1404 1178 Poterat
1444 1178 1448 1182 ,

77 1211 324 1249 etiam-tertia
359 1212 469 1249 addi:
512 1225 578 1250 cur
618 1214 716 1251 enim
751 1227 825 1252 non
866 1212 1012 1251 licuerit
1038 1209 1196 1249 Horatio
1231 1210 1278 1249 de
1305 1211 1401 1263 pede

77 1280 307 1329 Archilochi,
337 1297 451 1336 quem
480 1283 526 1322 de
554 1284 731 1323 universo
758 1289 880 1322 metro
908 1282 1068 1321 iambico
1096 1282 1400 1335 interpretantur,

74 1352 147 1391 hoc
188 1354 331 1400 dicere,
370 1368 411 1392 se
445 1356 608 1406 primum
649 1357 752 1394 inter'
773 1355 966 1394 Romanos
1001 1355 1133 1399 fuisse,
1174 1354 1237 1406 qui
1271 1353 1334 1392 illo
1363 1354 1400 1391 in

73 1424 199 1476 lyricis
236 1425 464 1465 carminibus
493 1425 687 1478 (CLatinus
723 1425 893 1475 fidicen')
934 1423 1129 1464 uteretur?
1168 1423 1252 1462 Alio
1288 1425 1401 1478 igitur

76 1496 182 1548 quasi
198 1494 319 1548 Lydio
346 1496 472 1550 lapide
502 1512 668 1551 egemus,
698 1499 744 1537 ad
764 1512 878 1551 quem
897 1499 968 1535 ista
988 1496 1257 1554 sententiarum
1278 1495 1401 1534 diver—

73 1568 163 1605 sitas
190 1568 379 1619 exigatur,
419 1569 526 1622 isque
560 1570 595 1607 in
624 1570 704 1623 ipsa
733 1570 848 1608 totius
882 1568 955 1607 loci
997 1569 1116 1606 forma
1144 1559 1399 1620 versuumque

74 1628 340 1678 coniunctione
367 1641 511 1692 positus
540 1647 607 1679 est.
649 1640 748 1679 Nam
776 1639 868 1678 illud
903 1640 1055 1692 quidem
1083 1638 1185 1676 credi
1213 1652 1287 1677 non
1316 1644 1399 1692 pot-

76 1716 142 1757 est,
170 1710 382 1759 Horatium,
411 1725 528 1764 quum
557 1718 665 1751 antea
695 1713 862 1758 dixisset,
890 1725 930 1749 se
963 1711 1126 1764 primum
1150 1708 1282 1748 Parios
1309 1710 1402 1748 iam-

77 1782 145 1819 bos
163 1781 271 1820 Latio
293 1783 513 1829 ostendisse,
542 1787 673 1837 paucis
693 1784 897 1823 interiectis
911 1784 1047 1821 iterum
1069 1782 1255 1820 dicturum
1274 1782 1400 1827 fuisse,

75 1852 278 1893 iambicum
313 1859 476 1894 metrum
504 1855 551 1895 ad
577 1855 694 1908 lyrica
736 1855 900 1896 carmina
937 1852 1132 1893 condenda
1162 1865 1182 1889 a
1210 1865 1251 1891 se
1278 1851 1399 1905 primo

76 1923 282 1962 adhibitum
299 1939 399 1964 esse:
427 1941 551 1980 neque
567 1929 687 1981 magis
707 1932 1002 1967 consentaneum
1022 1923 1179 1970 videtur,
1201 1923 1247 1961 ad
1266 1922 1399 1962 Archi-

49 1994 227 2045 ⁸lochum
255 1997 291 2033 in
320 2000 499 2038 extremis
527 1999 698 2049 versibus
730 1998 854 2044 rediri,
891 1996 992 2049 quod
1020 2009 1158 2034 nomen
1187 1996 1261 2033 iam
1288 1999 1398 2033 antea

76 2064 272 2117 aliquoties
295 2075 634 2109 commemoratum
655 2070 731 2120 [uit.
772 2067 904 2122 Longe
932 2067 1102 2120 profecto
1129 2066 1335 2120 speciosior
1354 2079 1398 2104 ea

75 2136 169 2174 ratio
182 2142 250 2183 est,
279 2152 392 2191 quam
416 2146 453 2179 et
473 2141 665 2181 Bentleius
689 2145 814 2179 tuetur
832 2144 869 2178 et
887 2139 1128 2185 recentiores,
1150 2137 1251 2191 quod
1270 2137 1397 2183 sciam,

76 2221 218 2247 omneS.
272 2208 349 2248 Sua
377 2213 476 2250 enim
504 2215 636 2253 merita
649 2215 686 2253 =si
706 2211 898 2252 celebrare
925 2210 1078 2251 volebat
1105 2209 1293 2255 Horatius,
1321 2221 1398 2248 non

78 2285 168 2328 erat,
196 2275 263 2318 cur
288 2282 326 2319 in
354 2283 504 2334 epodon
533 2284 659 2323 libello
686 2285 891 2338 paucisque
920 2282 1145 2322 carminibus
1171 2282 1232 2326 iis,
1261 2280 1398 2334 quibus

78 2354 190 2391 etiam
218 2358 349 2406 postea
378 2353 647 2395 Archilochum
676 2358 882 2411 expressit,
908 2356 957 2393 ita
985 2353 1221 2400 subsisteret,
1249 2358 1289 2391 ut
1317 2365 1397 2392 car-

80 2425 221 2464 minum
249 2439 298 2464 ex
326 2424 479 2464 Aeolico
508 2440 648 2479 genere
676 2427 817 2467 nullam
846 2427 1073 2467 mentionem
1102 2425 1258 2471 faceret,
1290 2435 1398 2476 prae-

80 2497 205 2535 sertim
234 2512 349 2550 quum
378 2498 500 2551 ipsum
530 2496 615 2536 alibi
643 2498 832 2553 aliquanto
870 2498 975 2537 aliter
1002 2496 1170 2536 locutum
1198 2508 1281 2535 esse
1307 2507 1395 2533 con-

1113 2568 1160 2605 9⁸
