1669 2839
679 89 787 163 ast,
834 76 835 81 ‘

711 272 773 326 XI

176 381 299 425 Valde
339 377 594 431 memorabilis
636 378 812 420 codicum
852 376 1102 433 diScrepantia
1139 380 1197 417 est
1230 375 1269 417 in
1294 376 1404 432 primi

75 457 159 497 libri
187 447 345 510 epistola
374 452 684 507 duodevigesima
712 467 746 491 v.
773 452 825 490 89
852 465 954 505 sqq.:
989 453 992 455 ’
1036 485 1041 490 ,
1152 438 1159 442 ’

256 527 417 567 oderunt
442 522 601 565 hilarem
628 524 752 563 tristes
781 524 1003 578 tristemque
1029 523 1158 572 iocosi,

253 599 428 639 sedatum
456 581 611 644 celeres,
639 596 777 650 agilem
803 609 1019 649 navumque
1047 597 1204 643 remissi,

254 675 409 726 potores
438 669 552 709 bibuli
579 668 703 708 media
731 667 778 707 de
806 673 919 708 nocte
944 660 1095 707 Falerni

254 739 415 782 oderunt
443 746 619 795 porrecta
646 745 847 795 negantem
875 738 1024 794 pocula,
1053 740 1225 794 quamvis

252 799 587 855 nocturnos‘iures
615 819 652 854 te
679 813 881 853 formidare
908 817 1071 866 tepores.

72 889 220 929 Horum
248 888 347 927 enim
374 887 556 925 'versuum
586 886 735 925 tertius:
776 890 945 939 ‘potores
975 910 1019 915 —
1050 884 1079 923 F
1082 884 1214 924 alerni’
1240 886 1276 925 in
1298 885 1401 925 codi-

71 960 177 1000 cibus
193 946 329 1013 ineque
357 959 488 1012 paucis
515 973 640 1012 neque
674 958 793 1004 malis,
822 970 918 1011 quos
937 956 1102 996 Orellius
1130 957 1308 1003 nominat,
1336 963 1401 995 aut

70 1032 231 1071 omissus
258 1035 332 1077 est,
374 1036 438 1069 aut
466 1029 538 1069 alia
576 1044 690 1069 manu
717 1031 753 1069 in
782 1023 951 1083 margine
983 1028 1215 1083 adscriptus:
1254 1028 1402 1067 accedit

69 1117 169 1143 nunc
206 1101 473 1142 Dessaviensis
520 1103 629 1154 primi
671 1102 893 1149 auctoritas,
933 1101 970 1140 in
1012 1114 1086 1155 quo
1135 1100 1279 1140 nullum
1318 1101 1398 1139 eius

69 1176 272 1229 vestigium
300 1188 384 1214 esse
411 1174 644 1214 Kirchnerus
673 1174 799 1213 docuit
826 1174 863 1212 in
892 1187 978 1212 nov.
998 1177 1144 1227 quaest.
1164 1172 1254 1211 Hor.
1283 1187 1318 1227 p.
1342 1173 1398 1211 13,

66 1245 195 1301 Itaque
238 1260 354 1300 quum
384 1245 578 1286 Bentleius
619 1246 742 1285 vereri
769 1259 810 1285 se
838 1245 995 1285 dixisset
1028 1259 1092 1298 ‘ne
1119 1244 1397 1299 interpolatoris

66 1317 276 1357 liberalitati
292 1317 502 1357 versiculus
516 1316 746 1364 deberetur',
767 1316 974 1356 Meinekius
989 1317 1125 1356 summi
1144 1317 1213 1357 viri
1231 1319 1398 1373 vestigiis

66 1390 258 1439 insistens,
288 1389 480 1445 aliquanto
519 1388 766 1445 probabiliuS‚
806 1404 882 1430 uno
915 1390 1002 1430 inde
1042 1390 1231 1431 vocabulo
1270 1405 1398 1430 asum-

67 1468 149 1517 pto,
179 1463 315 1502 ceteris
344 1462 518 1510 abiectis,
559 1463 611 1501 ita
638 1461 879 1502 scribendum
908 1476 991 1501 esse
1019 1460 1198 1502 coniecit:
1226 1468 1398 1516 ⁴potores

66 1539 241 1588 porrecta
257 1539 460 1588 negantem
480 1533 630 1588 pocula,
657 1534 866 1588 quamvis’:
894 1548 1055 1589 eamque
1076 1536 1260 1575 rationem
1279 1537 1399 1576 secuti

64 1595 153 1647 sunt
179 1606 345 1646 Orellius
372 1612 410 1645 et
438 1605 637 1659 Hauptius.
700 1605 808 1655 Quae
836 1607 1071 1657 coniectura,
1107 1608 1280 1661 quamvis
1320 1607 1397 1647 ele-

66 1693 179 1733 gans,
222 1692 320 1717 vera*
351 1682 480 1716 tamen
515 1690 589 1716 non
624 1678 774 1716 videtur
803 1692 896 1716 esse.
951 1678 1026 1728 Qui
1053 1678 1151 1717 enim
1179 1678 1397 1732 simpliciter

65 1756 240 1805 porrecta
267 1749 404 1804 pocula
433 1762 574 1803 negare
600 1748 735 1788 dicitur
773 1754 986 1802 propterea,
1021 1750 1123 1804 quod
1157 1755 1268 1804 potus
1310 1751 1396 1790 dor-

67 1824 158 1862 mire
180 1836 256 1862 non
280 1823 417 1876 possit,
445 1826 511 1860 aut
536 1834 670 1875 parum
697 1819 804 1860 firma
826 1820 1043 1861 valetudine
1059 1823 1184 1870 utitur,
1205 1828 1269 1862 aut
1287 1823 1396 1862 nimis

66 1895 199 1934 anxius
227 1899 285 1934 est
310 1899 347 1933 et
365 1894 412 1933 de
440 1908 480 1932 se
508 1894 591 1947 ipso
619 1892 811 1933 sollicitus.
861 1894 1033 1934 Morosus
1060 1900 1187 1934 autem
1214 1896 1396 1935 eiusmodi

66 1966 179 2005 homo
208 1966 344 2019 quibus
373 1965 547 2018 displicet
573 1965 610 2004 in
638 1965 839 2012 convivio,'
863 1965 887 2003 ii
915 1966 1085 2018 profecto
1114 1980 1188 2004 non
1217 1967 1395 2005 continuo

66 2042 259 2090 potores
288 2036 436 2074 dicendi
464 2041 567 2074 sunt:
609 2035 820 2089 displicebit
847 2036 1031 2083 omnibus,
1061 2037 1123 2091 qui
1148 2051 1224 2076 non
1261 2037 1395 2076 abhor-
1414 2030 1425 2041 “

66 2111 150 2146 rent
177 2106 222 2145 ab
250 2119 293 2145 ea
320 2104 507 2145 hilaritate
548 2122 645 2161 quae
686 2108 951 2150 suavissimum
978 2109 1240 2149 conviviorum
1268 2110 1396 2150 condi-

66 2183 237 2217 mentum
266 2181 340 2223 est,
367 2177 516 2230 ipsique
543 2178 713 2228 Horatio,
741 2181 772 2219 si
799 2185 903 2220 recte
931 2194 1019 2219 eum
1044 2181 1144 2228 novi,
1171 2194 1245 2220 non
1274 2182 1397 2235 potuit

66 2248 271 2291 'admodum
299 2246 470 2302 probari3
510 2250 556 2290 ad
583 2250 666 2291 illas
694 2253 793 2293 enim
821 2258 971 2307 ‘noctes
1006 2267 1220 2306 coenasque
1255 2252 1398 2302 deum','

66 2322 103 2361 in
131 2321 272 2361 Sabino
301 2320 454 2375 praedio
483 2321 702 2372 celebratas,
735 2339 848 2365 nemo
875 2325 949 2365 hoc
975 2325 1061 2364 loco
1088 2338 1300 2379 provocare
1326 2339 1397 2366 vo-

68 2393 129 2433 let.
174 2398 221 2435 At
249 2394 311 2448 qui
330 2394 376 2434 de
395 2393 454 2434 die
482 2399 634 2433 strenue
662 2399 808 2448 potavit
835 2413 954 2452 usque
976 2397 1023 2436 ad
1041 2398 1207 2437 mediam
1233 2404 1396 2447 noctem,

70 2466 102 2502 ei
122 2479 212 2504 sane
239 2467 353 2506 debet
378 2467 531 2521 impune
560 2479 654 2513 esse,
682 2467 714 2505 si
745 2468 837 2508 nihil
862 2467 1021 2521 amplius
1048 2467 1180 2508 bibere
1214 2469 1310 2518 vult,
1347 2483 1395 2510 ne

68 2534 270 2578 Falernum
299 2540 463 2595 quidem,
489 2554 538 2580 ne
556 2544 635 2579 tota
654 2538 724 2579 sibi
742 2554 821 2581 nox
846 2545 1000 2594 pereatz‘
1023 2540 1138 2595 idque
1166 2543 1231 2596 qui
1256 2543 1397 2597 impro-

1133 2613 1158 2651 8
