1669 2839
652 0 834 45 *W

853 90 905 131 5.

192 208 373 258 'suspecta
389 201 437 240 sit
456 201 548 247 visa,
575 199 771 238 stimulum
800 205 926 239 tamen
955 200 1147 254 quendam
1166 198 1334 245 haesisse
1353 206 1391 240 et
1409 200 1535 242 adhuc

193 273 353 313 haerere
385 284 505 312 ‚nemo
547 268 658 308 facile
695 271 909 324 negaverit:
951 284 1027 310 non
1062 272 1174 324 pauci
1202 272 1301 310 enim
1333 270 1408 310 loci
1434 278 1532 318 sunt,

195 344 363 384 maxime
389 343 426 382 in
455 341 665 382 carminum
704 338 826 390 libris,
860 356 1023 397 quorum
1051 342 1099 383 de
1127 343 1270 398 origine
1310 342 1469 397 ipsaque
1496 344 1532 382 vi

192 417 238 453 ac
256 418 389 452 natura
410 414 460 451 ita
480 412 706 451 dissentiunt
725 413 795 452 viri
824 414 937 461 docti,
965 421 1006 452 ut
1024 428 1093 467 pro
1113 414 1387 453 sententiarum
1407 414 1532 452 diver-

190 486 302 524 sitate
329 485 465 523 eadem
499 483 581 523 aliis
608 483 778 537 pulchra,
807 484 889 524 aliis
916 484 979 524 vel
1008 485 1149 524 tumida
1179 484 1240 524 vel
1266 485 1377 524 nimis
1406 484 1530 532 exilia,

188 555 272 594 aliis
291 554 510 602 Horatiana,
539 555 621 593 aliis
640 555 799 594 Horatio
827 555 938 608 plane
966 556 1118 609 indigna
1147 555 1356 606 videantur.
1398 556 1529 610 Itaque

189 629 235 675 ei,
262 628 327 682 qui
348 628 396 667 de
411 627 572 667 Horatio
587 641 629 666 se
657 627 847 667 dicturum
874 626 1083 681 profitetur,
1112 641 1203 666 sane
1230 626 1433 666 dicendum
1461 634 1528 675 est,

190 703 317 737 utrum
338 697 539 737 Horatium
562 697 748 752 intelligat
776 697 1129 752 Peerlkampianum
1146 698 1208 737 vel
1227 698 1529 752 Peerlkampiani

188 770 362 818 similem,
390 784 438 810 an
465 785 570 817 eum,
604 785 719 824 quem
745 769 863 825 vulgo
892 769 1091 810 Horatium
1127 771 1333 811 nominant.
1386 770 1456 810 Est
1482 785 1526 810 ea

189 856 250 881 res
285 841 489 888 eiusmodi,
525 846 566 878 ut
592 847 658 879 aut
691 855 739 879 ne
772 842 903 895 attingi
941 841 1094 894 quidem
1132 841 1286 887 debeat,
1319 847 1386 880 aut
1412 842 1526 896 longa

188 913 443 968 disputatione
469 914 703 966 pertractari.
756 912 841 952 Hoc
868 928 889 952 a
910 918 1041 953 nostro
1067 914 1236 952 instituto
1262 913 1427 953 alienum
1456 914 1526 953 du-

188 986 321 1030 cimus,
343 989 385 1022 ut
401 984 464 1035 qui
484 983 655 1021 librarios
674 984 970 1037 negligentiores
987 998 1033 1022 ac
1050 985 1321 1036 grammaticos
1339 986 1376 1022 in
1396 999 1526 1023 emen-

188 1056 314 1096 dando
349 1068 482 1110 parum
512 1052 641 1094 felices
668 1055 887 1095 insectaturi
916 1055 1045 1103 simus,
1080 1056 1294 1096 mediocres
1320 1060 1465 1110 poeta8‚
1493 1057 1522 1095 si

187 1130 252 1182 qui
280 1142 369 1167 suos
405 1140 551 1179 pannos
578 1126 737 1165 Horatio
774 1129 979 1175 assuerint,
1015 1143 1091 1167 non
1126 1130 1230 1167 item.
1284 1129 1387 1168 Satis
1413 1130 1525 1182 igitur

188 1200 311 1247 suerit,
339 1213 456 1253 quum
485 1196 560 1236 hoc
587 1198 741 1250 quidem
760 1198 847 1238 loco
863 1198 1084 1253 simpliciter
1111 1200 1255 1247 dixero,
1283 1205 1369 1254 post
1394 1200 1525 1254 cogni—

187 1277 265 1311 tam
306 1284 461 1310 causam
488 1275 526 1308 et
562 1271 797 1323 recognitam
838 1285 1063 1323 persuasum
1104 1271 1193 1309 mihi
1231 1285 1334 1317 esse,
1374 1276 1525 1309 nostras

187 1343 334 1382 Horatii
361 1342 557 1386 editiones,
585 1340 616 1378 si
642 1340 679 1378 in
699 1340 943 1379 numerandis
969 1341 1145 1379 versibus
1170 1341 1364 1389 subsistas,
1392 1355 1526 1380 eorum

186 1413 481 1468 exemplarium,
522 1426 620 1465 quae
661 1410 751 1450 olim
778 1412 815 1451 in
843 1413 1043 1452 Sosiorum
1079 1412 1235 1452 taberna
1267 1414 1526 1466 prestiterunt,

186 1485 395 1525 simillimas
423 1498 507 1523 esse
528 1488 655 1537 atque,
684 1488 724 1521 ut
743 1497 938 1523 summum
966 1484 1102 1532 dicam,
1130 1484 1345 1537 quindecim
1367 1485 1527 1524 sortasse

188 1572 322 1597 versus
356 1561 488 1610 postea
532 1555 687 1594 demum
729 1556 818 1595 mihi
858 1556 983 1595 illatos
1019 1556 1148 1595 videri.
1202 1556 1280 1595 lmo
1315 1556 1386 1595 alia
1415 1556 1527 1610 plane

188 1644 250 1669 res
278 1635 347 1676 est,
376 1642 474 1682 quae
501 1627 616 1680 longe
644 1629 858 1681 graviorem
887 1642 933 1667 ac
952 1628 1225 1667 diuturniorem
1253 1626 1527 1667 dubitationem

188 1700 278 1740 mihi
307 1700 437 1747 movit,
465 1713 696 1751 quamquam
726 1700 890 1739 editores
918 1700 1064 1739 Horatii
1091 1713 1214 1753 paene
1241 1712 1375 1739 omnes
1404 1692 1528 1739 minus

188 1773 234 1813 de
262 1786 308 1812 ea
335 1770 518 1811 sollicitos
546 1770 662 1809 fuisse
695 1770 881 1811 intellexi:
923 1772 1007 1811 dico
1042 1771 1211 1810 criticam
1239 1769 1341 1810 illam
1370 1785 1527 1826 operam

187 1860 207 1884 a
239 1844 366 1884 Vettio
398 1843 538 1897 Agorio
567 1842 709 1881 Basilio
738 1843 923 1882 Mavortio
958 1844 994 1881 in
1022 1842 1200 1889 Horati0‚
1241 1843 1407 1896 quinque
1449 1844 1527 1881 sere

188 1915 327 1956 seculis
354 1921 442 1969 post
461 1920 599 1969 poetae
614 1920 789 1963 mortem,
817 1915 1057 1954 collocatam.
1098 1913 1197 1952 Nam
1215 1914 1245 1950 si
1267 1927 1402 1951 verum
1425 1920 1528 1954 esset

188 1987 289 2040 quod
317 1985 516 2024 Bentleius
543 1987 580 2023 in
608 1987 842 2037 praefatione
875 1999 967 2022 suae
1003 1985 1177 2022 editionis
1205 1997 1240 2034 p.
1266 1982 1304 2020 X
1334 1985 1393 2022 ed.
1424 1984 1527 2037 Lips.

188 2057 352 2102 monuit,
386 2069 456 2093 nos
485 2055 663 2094 Flaccum
693 2068 740 2093 ex
771 2054 945 2093 Mavortii
979 2055 1203 2093 recensione
1232 2053 1343 2093 hodie
1377 2054 1529 2103 habere,

188 2129 218 2167 si
248 2141 382 2166 omnes
418 2126 538 2165 nostri
568 2124 652 2164 libri
689 2139 738 2164 ex
763 2126 836 2164 isto
872 2126 975 2165 fonte
1014 2127 1280 2173 manavissent,
1309 2127 1472 2180 denique
1500 2128 1530 2166 si

186 2201 268 2254 ipse
298 2198 507 2238 Mavortius
534 2199 572 2237 in
600 2198 891 2251 corrumpendis
920 2203 958 2237 et
992 2198 1208 2237 evertendis
1246 2198 1419 2237 versibus
1454 2205 1531 2238 tam

188 2271 325 2310 stolide
339 2270 466 2308 audax
482 2270 624 2314 suisset,
640 2281 755 2320 quam
769 2269 874 2306 visus
889 2273 948 2306 est
962 2269 1206 2321 quibusdam:
1228 2270 1405 2322 equidem
1421 2284 1533 2309 sensa

192 2340 378 2395 praeclari
421 2345 559 2394 poetae
600 2339 775 2377 admirari
816 2353 1036 2393 pergerem,
1078 2342 1114 2379 in
1142 2340 1299 2395 singulis
1335 2341 1532 2380 vocabulis

194 2415 316 2466 iisque
342 2412 532 2452 interdum
561 2411 819 2450 minutissimis
856 2412 1102 2451 emendandis
1137 2425 1213 2451 non
1240 2412 1412 2452 luderem
1441 2427 1532 2466 ope·

197 2497 290 2523 ram.
347 2483 434 2534 Quo
463 2483 499 2522 id
527 2483 609 2522 iure
637 2482 779 2529 dicam,
815 2482 1042 2538 intelligent,
1071 2484 1135 2537 qui
1164 2483 1291 2537 paullo
1321 2484 1535 2524 accuratius
