1669 2839
828 65 916 111 132

192 183 278 218 stet.
319 177 464 220 Solum
472 182 602 224 autem
617 176 801 217 Alcaeum
818 177 1056 218 nominatum
1078 190 1162 217 esse
1183 182 1398 235 propterea,
1427 178 1533 233 quod

191 249 442 304 Sapphicum«
456 253 620 289 metrum
638 249 752 288 etiam
768 247 947 289 Catullus
971 249 1158 303 attigerat,
1186 252 1298 289 acute
1315 250 1531 304 suspicatur
1590 280 1594 287 ,

193 320 403 371 Bentleius‚
423 326 545 376 eaque
567 320 663 360 ratio
679 325 849 375 praestat
867 320 1109 376 quorundam
1128 320 1307 374 opinioni,
1325 321 1389 375 qui
1409 320 1529 375 „quod

194 394 241 433 ad
260 393 371 432 huius
396 392 474 433 loci
499 405 654 432 sensum
681 394 900 434 universum
927 392 1115 439 attineret,
1143 396 1349 446 utrumque
1375 396 1530 447 poetam

139 498 142 500 .
193 464 305 505 simul
332 459 554 521 significari’
592 468 816 505 statuerunt.
872 464 982 516 Quae
1008 477 1128 518 quum
1153 464 1206 504 ita
1239 464 1325 513 sint,
1351 466 1389 505 in
1415 465 1530 506 rebus

192 539 285 592 ipsis
312 537 404 579 nihil
418 538 529 585 inest,
558 536 662 590 quod
687 536 882 593 legentem
900 549 1133 591 magnopere
1160 540 1349 577 moretur:
1376 542 1415 576 at
1432 538 1531 577 inest
1566 589 1572 592 ξ

192 609 232 648 ἰη
252 592 393 650 verbis:
433 608 542 649 Haec
564 608 666 648 enirn
693 609 810 662 ‘bunc
838 622 912 665 ego
939 622 1016 650 non
1044 607 1118 648 alio
1146 607 1291 648 dictum
1317 609 1421 663 prius
1448 607 1530 647 ore'
1558 604 1566 609 “

194 695 271 736 quo
299 683 539 736 potissimum
567 681 682 721 modo
709 680 1059 737 interpretabimur,
1086 693 1206 734 quum
1233 680 1339 720 verbi
1366 681 1424 720 vis
1452 685 1530 719 tam

192 753 271 794 late
296 759 442 809 pateat,
470 759 512 794 ut
539 754 796 794 diversissima
823 754 1033 808 excogitari
1060 751 1229 808 queant?
1267 751 1373 793 Num
1399 751 1531 794 Alcaei

192 839 333 865 nomen
359 839 381 864 a
416 825 521 865 nullo
549 825 725 866 Romano
761 828 947 880 scriptore
979 831 1068 865 ante
1102 824 1303 864 Horatium
1337 825 1531 864 communi

193 897 350 937 notitiae
378 899 691 938 commendatum
716 888 801 946 fuitss
823 899 873 937 ita
895 902 935 936 ut
954 886 975 936 a
994 897 1146 936 nemine
1173 895 1445 937 diceretur?
1481 896 1532 935 At

193 967 274 1008 hoc*
295 974 334 1008 et
359 968 527 1010 alienum
553 969 601 1009 ab
629 969 704 1010 hoc
731 968 819 1009 loco
847 974 886 1009 et
911 966 974 1008 vel
1013 967 1099 1008 ideo
1140 967 1277 1008 falsum
1313 973 1388 1016 est,
1428 967 1531 1022 quod

193 1041 275 1094 ipse
294 1040 435 1081 Cicero
457 1041 644 1082 Alcaeum
657 1042 877 1081 nominavit.
919 1042 978 1081 An
999 1055 1019 1080 a
1036 1040 1140 1081 nullo
1163 1054 1184 1079 e
1203 1039 1391 1094 prioribus
1409 1041 1531 1093 poetis

193 1111 307 1169 digne
335 1111 512 1154 laudatus
540 1118 609 1162 est,
636 1119 679 1160 ut
705 1112 929 1168 profitentur
955 1112 1034 1153 fere
1065 1117 1216 1166 poetae,
1243 1125 1287 1152 ea
1315 1126 1357 1152 se
1385 1111 1530 1165 dictu-

192 1197 269 1223 ros
297 1198 394 1233 esse,
422 1198 521 1239 quae
549 1185 779 1225 carminibus
806 1184 1001 1225 celebrare
1029 1183 1267 1238 suscipiunt?
1294 1185 1345 1224 At
1367 1189 1530 1237 quantu-

193 1254 273 1293 lum
299 1255 338 1294 id
366 1253 544 1296 meritum
572 1261 647 1303 est,
688 1256 908 1296 laudasse
935 1255 1229 1295 transmarinum
1254 1261 1428 1309 poetam,
1466 1255 1530 1310 qui

111 1320 119 1331 '
193 1327 320 1380 potius
348 1315 414 1366 aut
431 1327 683 1368 aemulandus
702 1333 767 1367 aut
787 1332 892 1367 certe
916 1326 1125 1367 imitatione
1145 1327 1416 1382 exprimendus
1437 1332 1528 1367 erat.

194 1397 255 1436 An
281 1397 504 1438 Alcaeum
531 1400 698 1438 dicere
726 1399 863 1438 eodem
890 1398 1007 1436 modo
1034 1398 1178 1438 dictum
1207 1403 1282 1445 est,
1309 1412 1386 1451 quo
1414 1403 1482 1437 sat.
1502 1398 1529 1437 Ι.

197 1468 256 1509 10.
286 1469 333 1508 19
367 1470 522 1527 quidam
555 1469 624 1524 ⁸nil
656 1474 810 1525 praeter
843 1467 1009 1509 Calvum
1037 1474 1075 1509 et
1102 1469 1239 1510 doctus
1273 1474 1424 1511 cantare
1452 1468 1529 1510 Ca-

194 1531 347 1580 tullum·
372 1542 420 1580 ab
448 1541 608 1580 Horatio
637 1541 802 1581 dicitur?
828 1544 877 1580 At
900 1547 980 1581 tum
1008 1543 1161 1595 quidem
1188 1540 1328 1581 licebat
1352 1541 1530 1594 omnibus

193 1624 282 1651 cum
299 1611 459 1652 Horatio
476 1613 524 1652 de
543 1612 670 1667 palma
698 1617 856 1660 certare,
886 1613 949 1666 qui
971 1612 1190 1653 didicissent
1209 1610 1341 1662 Asslcaei
1363 1613 1529 1653 carmina

194 1682 342 1722 Graece
369 1684 542 1731 recitare,
569 1697 616 1723 ac
640 1684 750 1722 nimis
769 1684 941 1737 profecto
963 1684 1163 1724 modestus
1187 1675 1320 1724 fuisset
1345 1689 1470 1738 poeta,
1497 1687 1528 1724 si

192 1767 302 1795 suam
327 1755 461 1809 poesin
489 1760 609 1795 totam
629 1754 676 1795 ad
697 1754 882 1794 Alcaeum
910 1761 1109 1810 acceptam
1135 1754 1344 1795 rettulisset
1368 1756 1527 1812 ipseque

190 1826 278 1882 plus
295 1841 410 1881 quarn
432 1828 610 1868 servilem
637 1828 885 1867 imitationem
911 1829 1107 1881 professus
1134 1833 1236 1868 esset
1256 1841 1303 1867 eo
1322 1828 1421 1876 loco,
1450 1843 1526 1883 quo
1598 1870 1601 1873 ,

189 1899 229 1938 in
253 1898 463 1939 imitatores
488 1899 656 1954 graviter
681 1897 883 1939 invehitur.
928 1897 1032 1939 Nihil
1060 1913 1109 1939 ex
1135 1898 1193 1938 his
1221 1904 1289 1946 est,
1317 1899 1421 1953 quod
1447 1899 1525 1940 ullo

190 1970 307 2012 modo
323 1971 411 2011 ferri
433 1972 566 2026 possit,
593 1985 637 2011 ac
660 1976 789 2013 tamen
809 1971 966 2012 meliora
988 1986 1113 2034 neque
1128 1973 1210 2027 ipse
1222 1972 1373 2012 invenio
1388 1987 1525 2028 neque,

189 2044 227 2082 in
255 2048 359 2083 tanto
391 2045 641 2096 interpretum
668 2043 836 2091 silentio,
872 2044 919 2083 ab
947 2044 1029 2084 aliis
1055 2045 1210 2084 inventa
1239 2059 1324 2084 esse
1352 2044 1524 2086 arbitror.

120 2116 122 2118 ’
189 2113 318 2155 Unum
345 2113 455 2156 addo.
507 2114 550 2154 Si
578 2115 791 2170 scripsisset
816 2114 1018 2164 Horatius,
1059 2115 1244 2157 Alcaeum
1281 2116 1386 2157 nullo
1419 2118 1525 2171 prius

191 2200 257 2226 ore
283 2185 499 2226 locutum
533 2200 637 2234 esse,
676 2189 714 2227 id
741 2201 868 2242 neque
907 2186 1019 2241 plane
1059 2201 1159 2227 nove
1199 2202 1324 2243 neque
1359 2189 1524 2229 absurde

190 2257 332 2299 dictum
359 2259 570 2299 videretur:
598 2264 638 2299 at
664 2258 778 2314 longe
804 2260 892 2299 inde
920 2260 1071 2308 distant,
1099 2274 1197 2314 quae
1224 2275 1325 2302 nunc
1348 2262 1522 2309 eduntur,

189 2333 304 2383 atque
330 2329 446 2369 fallax
473 2335 532 2369 est
568 2330 664 2371 levis
704 2331 890 2385 quaedam
930 2331 1181 2372 similitudinis
1217 2333 1384 2388 species,
1424 2345 1522 2386 quae

187 2391 425 2442 festinantius
451 2402 624 2457 legentes
651 2404 813 2445 fortasse
849 2405 1026 2459 decipere
1053 2405 1183 2457 possit.
1238 2404 1324 2454 Qua
1352 2403 1522 2446 obscuri-

189 2479 265 2514 tate
294 2487 412 2528 quum
440 2481 616 2530 suspecta
651 2476 833 2516 reddatur
861 2476 1038 2531 vulgatae
1066 2477 1277 2531 scripturae
1304 2465 1519 2526 auctoritas,
