1669 2839
740 98 830 147 128

122 210 238 269 esset,
272 221 314 261 in
339 222 446 261 tanta
471 220 600 255 tamen
625 213 874 268 interpretum
900 212 1106 254 securitate
1128 211 1212 266 ipoe
1237 208 1328 251 mihi
1354 208 1450 251 diffi-

122 298 211 337 dere
245 292 483 345 inceperam,
522 286 645 326 donec
683 284 853 324 intellexi
874 289 918 324 <et
944 284 1080 324 doctos
1117 283 1301 338 quosdam
1335 283 1450 329 viros,

122 378 217 422 quos
235 359 496 405 consulebam,
522 357 657 398 eadem
670 371 713 398 re
726 367 971 412 magnopere
985 355 1136 404 offendi,
1160 359 1200 395 et
1219 354 1324 409 ipsos
1338 354 1451 393 etiam

121 442 273 477 veteres
299 432 350 472 ita
376 432 596 478 haesitasse,
622 435 676 477 ut,
703 428 806 484 quod
833 433 892 468 est
917 428 996 469 fere
1023 428 1306 483 desperantium
1326 439 1449 481 gram·

121 507 365 551 maticorum,
405 503 529 558 ipsam
555 501 849 553 obscuritatem,
881 512 995 555 quam
1022 499 1155 540 tollere
1180 513 1258 540 non
1285 502 1453 554 possent,

123 579 323 634 diligerent
341 581 382 615 et
399 575 686 615 admirarentur.
728 570 819 612 Eius
838 573 1112 630 desperationis
1124 578 1240 612 tenue
1250 571 1455 626 vestigium

94 674 97 676 ·
120 653 158 693 in
179 651 236 690 his
256 647 464 701 Cruquiani
493 645 806 687 commentatoris
831 644 959 684 verbis
984 643 1099 684 latet:
1127 644 1279 699 ιιιεροε]
1308 643 1453 683 tacita

122 728 168 764 et
195 719 389 776 egregia
420 716 643 773 significatio
676 707 740 758 filii
773 714 995 765 luxuriosi';
1032 715 1181 771 planius
1217 713 1369 755 locutus
1396 718 1456 753 est

122 795 261 840 Acron,
289 791 397 832 cuius
425 789 519 829 haec
545 796 653 832 sunt:
686 790 840 844 ⁸nepos]
868 788 985 838 filius3
1013 788 1264 830 affectavit
1290 787 1455 827 obscu-

121 862 334 906 ritatem.’
368 860 574 916 ingenuam
593 862 756 916 denique
772 861 1049 901 confessionem
1067 859 1317 916 Porphyrioni
1340 858 1456 900 debe-

120 951 205 978 mus
244 935 362 975 hanc:
404 934 561 988 ‘neposJ
604 933 776 975 bellam
817 933 1163 977 obscuritatem
1205 933 1456 975 affectavit

121 1021 242 1064 nepos
259 1020 337 1047 non
351 1005 450 1049 filius
478 1006 651 1055 dicendo,
677 1006 748 1064 sed
765 1019 886 1060 nepos
903 1005 1123 1046 luxuriosus
1142 1010 1257 1060 atque
1275 1005 1456 1061 prodigus

122 1080 393 1134 intelligendus
420 1081 499 1117 est:
550 1078 601 1117 At
625 1078 707 1117 istis
744 1078 916 1131 profecto
942 1077 993 1118 τὰ
1018 1078 1074 1132 μὴ
1113 1079 1218 1120 κἀλὰ
1248 1078 1353 1119 καλὰ
1384 1078 1458 1120 πέ-

120 1166 292 1209 φανταω
330 1151 488 1191 interest
525 1150 628 1189 enim
663 1148 804 1204 aliquid
838 1149 936 1190 inter
962 1149 1211 1191 Horatianam
1237 1151 1391 1192 satiram
1418 1157 1457 1192 et

122 1225 288 1265 divinam
313 1222 417 1263 illam
436 1221 572 1261 Dantis
587 1220 836 1267 comoediam,
859 1222 967 1261 cuius
984 1223 1065 1277 ipsa
1085 1223 1295 1264 obscuritas
1313 1225 1457 1278 grande

123 1296 301 1352 quiddam
321 1308 367 1347 ac
394 1292 716 1335 divinumhabet.
761 1292 938 1348 Suspicio
966 1293 1087 1334 semel
1113 1300 1216 1335 mota
1241 1294 1457 1336 confirmari

121 1368 211 1409 mihi
237 1367 393 1408 videtur
407 1380 465 1415 eo,
493 1366 595 1421 quod
624 1380 759 1422 parum
787 1366 967 1407 credibile
995 1372 1064 1415 est,
1092 1381 1180 1407 eum
1207 1373 1365 1422 patrem,
1393 1369 1458 1423 qui

121 1454 333 1498 magnum
375 1438 583 1480 dedecus
622 1453 707 1480 esse
745 1437 1013 1487 clamitaverit,
1054 1439 1156 1494 quod
1195 1438 1292 1480 filius
1331 1440 1458 1481 ebrius

120 1520 208 1554 ante
234 1518 388 1554 noctem
414 1526 503 1552 cum
544 1511 692 1552 facibus
727 1525 796 1567 per
822 1511 957 1551 urbem
984 1518 1203 1567 vagaretur,
1237 1513 1285 1553 de
1313 1514 1458 1555 maiore

122 1587 252 1641 utique
280 1584 449 1625 eiusdem
476 1583 540 1624 filii
565 1584 745 1633 facinore,
772 1584 873 1639 quod
900 1584 1111 1624 meretricis
1137 1597 1307 1625 amorem
1333 1585 1457 1641 legiti-

121 1659 192 1698 mis
220 1657 359 1712 nuptiis
387 1655 659 1711 anteponebat,
686 1670 762 1696 non
788 1656 926 1710 aliquid
946 1657 1100 1712 gravius
1121 1657 1309 1700 dicturum
1329 1658 1456 1706 fuisse,

124 1743 199 1784 quo
227 1730 265 1769 in
299 1728 467 1783 perditos
506 1727 669 1768 hominis
707 1743 834 1769 mores
869 1728 1125 1770 inveheretur.
1177 1730 1292 1783 Atqui
1331 1736 1459 1785 potest

123 1815 200 1841 non
227 1801 432 1841 admodum
458 1801 594 1841 audaci
620 1801 829 1841 mutatione
849 1807 887 1841 et
905 1801 1028 1841 omnis
1052 1801 1291 1842 obscuritatis
1310 1804 1458 1857 species

123 1874 314 1913 removeri
341 1878 379 1913 et
404 1873 526 1913 iustae
554 1874 830 1928 exspectationi
856 1873 1026 1914 satisfieri
1047 1879 1085 1913 et
1102 1874 1172 1928 ipsi
1191 1874 1352 1928 denique
1370 1889 1458 1916 sen-

121 1947 326 1986 tentiarum
353 1945 570 2000 aequalitati
598 1946 756 1988 consuli.
810 1944 1026 1987 Videndum
1060 1946 1174 2001 igitur
1201 1946 1288 1995 erit,
1329 1961 1378 1988 ne
1404 1948 1455 1988 ita

123 2019 316 2072 scripserit
341 2017 540 2057 Horatius:

847 2095 886 2130 at
913 2095 1021 2146 pater
1048 2091 1185 2132 ardens

279 2161 409 2208 saevit,
437 2162 540 2215 quod
568 2164 778 2211 meretrice,
804 2164 958 2211 nefas,
985 2164 1138 2205 insanus
1166 2165 1287 2205 amica

246 2259 251 2261 -
276 2230 373 2271 filius
400 2237 562 2274 uxorem
589 2236 723 2290 grandi
749 2250 838 2276 cum
865 2236 956 2276 dote
982 2242 1133 2276 recuset

278 2302 407 2344 ebrius
434 2310 482 2353 et,
509 2319 691 2362 magnum
718 2308 821 2363 quod
847 2308 1023 2356 dedecus,
1050 2307 1216 2349 ambulet
1242 2314 1333 2350 ante

277 2381 431 2418 noctem
458 2389 547 2416 cum
573 2376 747 2419 facibus.¹

128 2450 207 2491 Sat.
234 2449 261 2492 l.
284 2450 323 2490 8.
356 2450 400 2490 17
427 2462 525 2503 sqq-z

282 2536 399 2579 quum
426 2520 517 2564 mihi
541 2536 618 2565 non
645 2527 791 2566 tantum
818 2526 996 2580 furesque
1021 2526 1202 2583 feraeque
1228 2534 1358 2572 suetae
