1669 2839
757 71 833 93 *2⁴-

783 87 845 142 w

139 210 217 245 tam
242 205 361 263 longo
392 206 876 263 tmpore‘ssindeprensum
898 206 1038 247 —tatere
1060 206 1267 263 *puniissess
1303 206 1361 247 ita
1382 206 1487 246 'vera

137 277 332 329 dicemus,
369 286 412 320 ut
436 282 563 334 ipsum
588 279 746 333 quidem
785 279 970 319 mendum
997 280 1250 334 conspicuum
1276 275 1364 319 esse
1390 289 1486 319 eon-

135 339 330 400 iiteaumr,
367 342 677 394 emerflitione‘m
703 362 796 389 vero
830 351 877 390 ab
904 350 970 390 illo
1011 352 1247 406 propositam
1287 364 1363 390 non
1391 364 1483 406 pro-

139 422 283 461 bemus.
328 422 379 462 Ut
400 428 626 476 persanetur
643 421 764 469 loeus,
784 425 995 463 mutatione
1013 438 1109 477 opus
1138 429 1205 471 est,
1233 427 1273 462 at
1289 421 1482 462 lenissima

137 498 175 531 et
202 506 302 546 quae
340 494 405 534 vix
448 497 608 535 mutatio
647 493 808 534 dicenda
835 495 898 534 sit:
938 495 989 534 ita
1016 495 1119 534 enim
1146 494 1349 534 Horatium
1390 495 1482 534 scri-

135 565 259 615 psisse
286 565 466 605 arbitror:

381 637 543 691 simplici
571 642 695 690 myrto
724 637 815 677 nihii
842 637 1043 677 adlabores

381 709 538 747 sedulus
565 708 679 747 cur?
706 722 728 747 o
756 722 882 762 neque
910 715 948 748 te
975 708 1190 748 ministrum

377 779 542 818 dedecet
569 784 717 831 myrtus
742 780 873 833 neque
898 793 961 819 me
988 778 1059 818 sub
1088 784 1169 818 arta

378 851 457 889 vite
484 850 689 891 bibentem.

135 919 263 959 Pauca
291 920 431 959 addam
451 921 499 959 ad
519 922 799 961 defendendam
827 923 1146 961 emendationem.
1187 921 1315 960 Possit
1337 934 1381 959 ea
1401 922 1484 973 qui-

135 991 298 1030 busdam
317 1005 452 1045 parum
473 992 680 1045 probabitis
712 994 830 1033 videri
857 994 957 1041 ideo,
984 993 1184 1047 quiaillud
1204 1007 1238 1041 o,
1267 992 1372 1046 quod
1394 1005 1481 1032 cum

136 1061 384 1115 sequentibus
412 1062 552 1101 debeat
580 1065 827 1103 coniunctum
855 1077 951 1111 esse,
976 1065 1061 1117 ipsa
1088 1077 1246 1103 caesura
1265 1077 1355 1102 cum
1372 1076 1484 1116 prae-

135 1133 360 1174 cedentibus
388 1136 523 1183 artius,
550 1149 665 1189 quam
682 1137 834 1183 deceat,
864 1136 1128 1190 coniungatur,
1157 1150 1233 1190 quo
1255 1140 1481 1190 argumento

134 1219 211 1245 non
240 1219 326 1244 raro
356 1205 517 1244 aliorum
552 1206 828 1260 explicationes
863 1207 1067 1261 ‘impugnat
1092 1207 1272 1248 Orellius.
1326 1208 1377 1246 At
1404 1212 1483 1246 tota

133 1278 207 1317 hac
222 1277 394 1316 doctrina
415 1277 463 1315 de
482 1279 530 1324 vi,
560 1292 675 1330 quam
703 1291 900 1325 caesurae,
928 1293 1027 1332 quae
1055 1284 1144 1318 sunt
1169 1280 1207 1318 in
1234 1278 1369 1317 mediis
1395 1291 1483 1315 ver—

135 1347 250 1395 sibus,
276 1347 325 1387 ad
342 1348 465 1401 ipsam
497 1362 680 1387 versuum
699 1350 927 1389 sententiam
959 1348 1282 1403 interpretandam
1307 1347 1484 1394 habeant,

135 1419 240 1459 abuti
268 1420 445 1458 existimo
474 1434 559 1468 eos,
595 1422 676 1474 qui,
714 1435 814 1474 quae
841 1422 1052 1460 rectissime
1078 1420 1280 1461 traduntur
1308 1420 1356 1460 de
1383 1417 1482 1458 Ver-

134 1491 284 1545 gilianis
310 1490 561 1538 hexametris,
606 1496 751 1530 temere
778 1494 815 1531 in
843 1491 984 1544 lyricos
1011 1491 1159 1530 Horatii
1195 1491 1333 1530 modos
1359 1495 1482 1529 trans-

134 1564 272 1602 fer-unt.
309 1561 412 1601 Nam
429 1568 472 1600 ut
490 1562 581 1602 nihil
609 1563 733 1602 dicam
753 1562 801 1602 de
819 1563 863 1601 iis
881 1562 1068 1609 versibus,
1095 1562 1160 1615 qui
1180 1562 1334 1601 omnino
1353 1567 1484 1601 carent

134 1647 305 1682 caesura,
333 1633 464 1673 multis
492 1633 679 1688 exemplis
709 1634 962 1673 demonstrari
976 1639 1116 1687 potest,
1143 1632 1251 1672 illum
1270 1647 1348 1673 non
1373 1633 1484 1672 dubi·

134 1711 237 1744 tasse
264 1718 399 1744 versus
414 1706 466 1743 ita
485 1706 671 1754 incidere,
698 1711 751 1753 ut,
779 1719 878 1759 quae
905 1705 1093 1744 artissime
1119 1704 1328 1744 cohaerere
1354 1704 1485 1744 veltet,

134 1782 263 1818 tamen
291 1789 449 1815 caesura
479 1776 758 1816 distinerentur.
815 1775 910 1815 Vide
936 1776 1052 1815 modo
1092 1775 1190 1816 haec
1227 1775 1403 1828 exempla
1433 1789 1482 1814 ex

133 1847 216 1888 solo
244 1848 367 1901 primo
395 1847 492 1887 libro
520 1861 597 1887 non
625 1847 835 1888 admodum
863 1848 1013 1886 curiose
1041 1847 1221 1887 collecta:

289 1933 310 1957 ο
341 1924 380 1958 et
406 1920 637 1972 praesidium
665 1926 703 1958 et
726 1922 731 1970 Ι
757 1920 870 1959 dulce
899 1919 1018 1958 decus
1045 1933 1176 1958 meum
1207 1921 1239 1957 1.
1265 1920 1301 1957 2.

288 1990 403 2044 digne
432 1989 655 2044 scripserit?
683 1996 749 2029 aut
771 1993 777 2041 1
802 1990 962 2044 pulvere
989 1989 1130 2029 Troico
1159 1990 1193 2027 6.
1227 1990 1285 2028 14.

287 2062 407 2099 iactes
435 2067 474 2100 et
501 2075 623 2115 genus
652 2067 691 2100 et
714 2062 719 2112 Ι
743 2075 885 2101 nomen
912 2061 1044 2102 inutile
1075 2062 1132 2100 14.
1165 2061 1223 2100 13.

290 2130 475 2171 Parthum
501 2132 628 2172 dicere
655 2140 728 2173 nec
752 2133 759 2184 Ι
783 2146 882 2187 quae
909 2133 1002 2174 nihil
1029 2133 1164 2173 attinet
1192 2133 1251 2171 19.
1282 2131 1339 2169 12.

288 2210 515 2258 pestemque
543 2219 564 2243 a
590 2204 735 2258 populo
764 2209 803 2243 et
825 2206 832 2256 Ι
855 2205 1026 2260 principe
1054 2204 1224 2244 Caesare
1242 2204 1279 2243 in
1298 2203 1360 2242 221.
1385 2203 1441 2241 14.

288 2280 429 2330 urguet
456 2276 518 2314 cui
546 2275 677 2315 Pudor
705 2280 744 2314 et
767 2276 774 2327 Ι
798 2275 966 2315 Iustitiae
994 2290 1104 2317 soror
1129 2278 1191 2316 23.
1220 2277 1255 2314 6.

134 2344 324 2384 Audacius
353 2348 468 2386 etiam
494 2346 590 2387 haec
618 2348 769 2400 scripsit
801 2349 837 2385 9.
866 2347 912 2386 13
946 2348 1052 2401 ι(Ῑιιίεἰ
1087 2349 1134 2387 sit
1169 2348 1340 2386 futurum
1364 2346 1372 2397 Ι
1394 2359 1478 2386 cras

132 2417 225 2471 fuge
252 2419 467 2471 quaerere'‚
505 2420 613 2458 cuius
641 2432 777 2458 versus
814 2420 1000 2458 sententia
1036 2419 1149 2472 plane
1176 2419 1421 2471 pervertitur,
1449 2419 1480 2456 si

132 2490 218 2543 quis
236 2489 275 2527 in
294 2491 577 2542 interpretando
602 2503 803 2530 caesuram
826 2504 981 2530 servare
1001 2489 1104 2529 velit.
1152 2487 1291 2543 Neque
1313 2491 1352 2531 in
1379 2489 1479 2542 Sap-
