1669 2839
1191 0 1193 2 ·
1245 0 1247 2 ·
1271 0 1277 9 ⁴
1304 0 1335 11 μα
1448 2 1456 10 v.
1553 0 1572 7 *-

1241 50 1260 69 v‘
1276 34 1312 64 ’μ’
1347 40 1350 43 ·
1375 48 1379 55 ,
1487 43 1491 47 «
1507 47 1509 51 s
1540 49 1552 54 μ

1298 68 1309 79 ι
1332 74 1334 77 -
1566 84 1568 86 ¹
1598 74 1615 88 ,Ἃ

818 0 876 35 ..Ψ
1047 32 1051 34 ἡ
1156 28 1160 30 λ
1231 36 1238 49 I

787 46 882 97 ¹⁴⁸
951 110 955 113 Α
1019 67 1023 70 ’
1077 116 1093 129 2,
1188 55 1348 131 ff:

159 160 288 201 locum
316 173 363 200 eo
391 158 550 216 eopsilio
579 161 741 215 scripsit,
769 166 812 201 ut
839 161 1012 210 doceret,
1040 161 1160 210 idem,
1192 145 1296 216 ,qiibd
1323 161 1503 202 amatori·

159 233 230 273 bus
258 217 448 280 eveniret,r
485 232 595 272 nobis
630 233 723 286 ipsis
748 233 787 272 in
814 233 948 272 amicis
975 231 1237 277 existimandis
1262 223 1503 289 &effandum

159 318 262 352 esse,
303 292 504 352 tamdure
540 302 759 352 locuturum
788 304 923 352 fuisse,
964 310 1006 345 ut
1034 306 1082 346 de
1110 305 1330 361 turpibus
1362 302 1501 346 *vi‘tiis

158 377 313 417 diceret.
367 375 481 416 Haec.
503 377 604 423 enim
632 377 663 416 si
690 391 712 417 a
741 390 904 432 corpore
939 378 987 418 ad
1024 378 1190 418 animum
1228 361 1534 435 transferimusp*

250 96 270 115 ἢ

158 448 357 488 tolerandi·
381 454 495 489 erunt
533 450 664 497 amici,
705 450 880 503 quamvis
918 449 1090 504 turpibus
1120 437 1221 489 vitii's
1253 451 1385 490 insecti
1417 450 1501 497 sint,

158 520 311 561 sordida
329 521 497 569 avaritia,
525 522 791 570 fraudulentia,
816 521 931 578 foeda
950 517 1115 570 libidine,
1134 522 1234 562 aliis:
1263 523 1367 577 quod
1386 534 1501 565 nemo
1555 568 1558 570 ,
1627 522 1630 525 ’

156 606 272 632 sanus
301 594 518 648 praecipiet.
560 594 699 649 Neque
726 592 907 634 credibile
935 598 1003 641 est,
1032 595 1154 649 turpia
1181 595 1388 634 amicarum
1413 590 1520 635 vitia'

157 666 208 704 ita
250 665 380 705 multis
420 665 628 721 placuisse:
675 666 859 721 polypum
899 667 1000 706 enim
1042 666 1144 721 quod
1183 666 1501 708 commemoravit

157 742 289 791 poeta,
328 739 466 791 insigni
493 738 622 792 aliquo
650 737 830 791 exemplo
866 739 921 778 uti
955 738 1093 784 voluit,
1135 743 1250 791 atque
1276 735 1358 791 ipse
1375 738 1499 776 *etiam

155 808 322 863 polypus
349 811 415 849 vix
444 810 583 863 poterit
609 815 749 864 turpe
786 797 952 850 (vitium
988 808 1190 865 appellari,
1230 824 1348 863 quum
1390 808 1498 848 multi

156 894 202 920 eo
223 880 410 929 laborent,
438 895 536 935 quos
565 895 679 922 nemo
706 881 882 922 laborare
910 883 1137 936 suspicatur.
1186 880 1357 921 Alienius
1384 882 1500 921 etiam

154 953 193 993 id
221 966 363 993 nomen
390 968 411 994 a
440 955 571 995 naevis
600 959 638 994 et
665 954 826 995 maculis
854 960 922 1002 est,
951 968 1111 1009 quarum
1140 955 1234 994 scite
1262 955 1493 998 mentionem

154 1027 283 1065 iniecit
311 1026 513 1065 Eilhardus
541 1025 713 1064 Lubinus
742 1027 779 1064 in
806 1026 1027 1080 paraphrasi
1054 1025 1166 1065 huius
1193 1024 1278 1065 loci.
1323 1025 1374 1063 At
1400 1037 1499 1079 quae

153 1098 356 1138 coniuncta
376 1097 528 1137 duriora
548 1102 647 1145 sunt,
676 1112 792 1152 quam
812 1104 854 1138 ut
873 1099 960 1138 ferri
979 1112 1094 1152 posse
1113 1098 1321 1144 videantur,
1348 1096 1497 1151 singula

153 1175 258 1208 recte
287 1183 329 1207 se
357 1169 519 1208 habent:
548 1175 710 1223 possunt
739 1171 839 1209 enim
859 1183 916 1217 ea,
944 1183 1043 1223 quae
1071 1174 1243 1208 amantes
1270 1173 1336 1207 aut
1363 1167 1498 1208 fallunt

152 1245 220 1279 aut
255 1239 464 1288 delectant,
507 1245 545 1280 et
581 1240 733 1296 turpia
771 1241 845 1281 dici
878 1246 915 1281 et
949 1241 1104 1294 vitia¹<
1140 1239 1271 1296 ltaque
1298 1254 1344 1281 ea
1382 1242 1498 1281 inter-

153 1314 308 1366 punctio
336 1327 427 1351 vera
456 1314 545 1362 erit,
586 1327 702 1366 quam
736 1315 817 1367 ipsa
850 1328 985 1352 versus
1020 1327 1178 1353 caesura
1213 1313 1496 1367 quodammodo

152 1389 357 1424 monstrat:
386 1386 527 1440 ‘turpia
557 1385 751 1439 decipiunt
769 1399 941 1434 caecum,
969 1386 1060 1425 vitia
1080 1391 1144 1425 aut
1165 1386 1279 1426 etiam
1301 1386 1381 1440 ipsa
1400 1384 1497 1425 haec

154 1457 369 1497 delectant.'

257 1527 392 1568 Redeo
421 1527 468 1566 ad
498 1528 667 1567 criticam
698 1534 819 1568 artem
848 1529 1103 1568 factitandam.
1159 1528 1319 1579 Quoties
1346 1543 1390 1568 ea
1409 1528 1497 1583 legi,

151 1616 253 1656 quae
282 1601 329 1640 de
348 1599 523 1639 Pollione
553 1605 591 1638 et
614 1598 730 1639 Vario
760 1600 942 1639 Horatius
969 1601 1121 1654 scripsit
1145 1601 1183 1639 in
1212 1601 1359 1640 decima
1387 1600 1498 1654 primi

150 1673 236 1714 libri
262 1673 395 1721 satira,
427 1673 541 1712 toties
570 1672 706 1712 eadem
734 1672 823 1712 mihi
853 1671 1034 1713 dubitatio
1065 1672 1200 1712 oborta
1228 1679 1297 1713 est.
1352 1672 1497 1713 Versus

138 1745 188 1786 hi
216 1751 305 1785 sunt
330 1746 382 1784 42
411 1759 512 1799 sqq.:

850 1816 973 1856 Pollio
1003 1830 1139 1871 regum

310 1892 409 1930 facta
437 1891 539 1930 canit
567 1890 664 1945 pede
693 1895 750 1929 ter
776 1901 979 1943 percusso:
1009 1890 1106 1928 forte
1134 1902 1228 1943 epos
1255 1902 1354 1934 acer,

305 1969 348 2003 ut
375 1977 501 2010 nemo,
532 1960 666 2002 Varius
695 1962 811 2002 ducit.

151 2037 260 2088 Quos
294 2037 359 2090 qui
401 2036 640 2074 festinantius
679 2035 906 2088 inspexerit,
948 2035 1075 2074 omnia
1116 2035 1325 2074 rectissime
1359 2047 1401 2072 se
1428 2032 1494 2073 ha-

150 2110 242 2149 bere
274 2106 476 2147 iudicabit:
520 2108 686 2162 tragicos
728 2107 829 2147 enim
855 2094 991 2162 poetas
1017 2107 1055 2146 in
1084 2107 1228 2147 sactis
1256 2106 1417 2155 versari,
1456 2110 1495 2146 et

149 2183 313 2237 plurima
340 2180 518 2233 exempla
547 2181 810 2219 demonstrant
830 2185 868 2218 et
887 2179 1086 2219 confirmat
1113 2179 1176 2218 ille
1203 2180 1373 2232 tragicae
1400 2191 1493 2231 poe-

149 2254 200 2292 sis
214 2252 419 2307 legislator,
449 2252 513 2305 qui
533 2256 635 2305 poet.
657 2252 692 2288 6.
707 2251 732 2288 2
751 2250 847 2289 haec
875 2252 1045 2306 scripsit:
1075 2248 1182 2292 ἔστιν
1200 2245 1270 2309 0132(
1287 2246 1493 2302 τραγῳδία

146 2321 558 2379 μίμησιςπράξεως
585 2321 817 2371 σπουδαίας
835 2324 904 2364 καὶ
920 2324 1088 2372 τελείας.
1132 2325 1182 2363 At
1198 2322 1330 2364 dubito
1352 2327 1491 2368 tamen,

146 2413 239 2439 num
266 2399 297 2437 is
324 2401 456 2451 poeta,¹
490 2397 553 2451 qui
595 2397 745 2437 di‘versa
773 2397 863 2436 artis
890 2411 1031 2452 genera
1058 2397 1292 2452 distinguere
1328 2393 1491 2442 volebat,

147 2471 299 2525 tragicis
326 2470 449 2523 poetis
477 2470 602 2522 sacta
631 2469 841 2511 tributurus
869 2470 999 2517 fuerit,
1027 2484 1126 2523 quae
1155 2459 1291 2509 eodem
1319 2466 1383 2507 aut
1410 2482 1490 2507 ma-
