1669 2839
835 100 886 144 11

185 210 461 267 probabilitatis
487 213 646 267 species.
701 211 887 261 Quamvis
917 211 1017 250 enim
1050 210 1223 249 intricata
1251 213 1299 249 sit
1327 217 1404 251 tota
1433 210 1529 252 haec

184 284 235 323 de
263 282 398 338 Probis
420 285 611 338 quaestio,
641 297 729 322 eum
756 287 903 330 tamen,
929 282 994 336 qui
1019 280 1166 334 legerit,
1193 294 1293 334 quae
1320 282 1528 323 Suetonius

184 357 222 395 in
253 357 338 411 ipso
364 355 480 396 libelli
507 354 580 395 fine
613 355 661 394 de
687 355 824 395 eodem
852 354 1004 394 homine
1031 354 1199 408 scripsit:
1240 352 1367 405 ‘nimis
1404 368 1527 408 pauca

185 433 225 468 et
248 429 386 483 exigua
416 428 463 468 de
495 428 723 482 quibusdam
761 427 915 467 minutis
954 425 1250 480 quaestiunculis
1277 425 1409 465 edidit:
1441 427 1528 467 reli-

183 500 266 552 quit
292 505 420 539 autem
447 513 523 538 non
551 500 786 539 mediocrem
823 499 960 537 silvam
994 498 1303 537 observationum
1339 501 1527 539 sermonis

184 571 328 624 antiqui
336 568 355 618 ',
375 585 527 611 mecum
541 583 818 613 consensurum
832 568 1004 616 arbitror,
1023 582 1099 608 non
1114 570 1283 622 potuisse
1297 570 1525 610 Suetonium

183 642 235 680 ita
262 641 385 695 loqui,
413 644 444 681 si
471 643 667 696 cognitum
692 641 904 687 habuisset,
934 639 1066 679 abillo
1094 639 1220 678 Probo
1244 640 1399 693 Berytio
1428 642 1527 681 mul-

186 718 268 752 tum
296 727 436 768 operae
464 713 501 752 in
522 713 765 766 antiquorum
792 711 896 750 libris
929 711 1123 765 perdoctis
1150 714 1526 761 commentariis,

187 784 308 838 qualis
350 783 591 840 Vergilianus
626 789 701 831 est,
744 785 808 837 qui
847 797 950 822 nunc
983 781 1098 821 Probi
1136 784 1288 823 nomine
1330 798 1525 824 commen-

184 856 309 905 datur,
341 855 572 895 illustrandis
599 856 766 910 positum
785 855 921 894 ruisse:
959 853 1062 907 quod
1090 854 1120 893 si
1148 855 1317 902 fecisset,
1356 855 1524 895 silvam

183 928 287 967 illam
314 928 396 966 sine
423 926 538 967 dubio
558 928 596 966 in
614 926 715 981 ligna
741 940 788 965 ac
814 926 1012 965 materiem
1038 927 1120 979 ipse
1138 928 1401 966 convertisset.
1441 928 1525 968 Erit
1587 941 1592 945 ’

183 999 297 1052 igitur
311 999 413 1052 prior
429 997 538 1037 locus
558 998 606 1037 de
622 997 694 1037 illis
715 999 933 1038 criticorum
953 997 1070 1051 signis
1089 997 1405 1051 interpretandus,
1425 1014 1524 1053 quae

186 1069 363 1108 versibus
391 1068 659 1122 adpingebant,
689 1075 733 1108 ut
748 1069 1032 1123 intelligeretur,
1059 1070 1148 1122 quid
1172 1074 1274 1108 esset
1294 1069 1523 1123 ‘pulchrum,

185 1139 277 1194 quid
306 1145 436 1193 turpe,
470 1139 561 1193 quid
590 1139 701 1187 utile,
727 1140 819 1193 quid
845 1140 952 1188 non',
980 1140 1071 1194 quid
1097 1140 1160 1179 vel
1187 1140 1310 1180 alieno
1338 1140 1425 1181 loco
1453 1156 1523 1196 po-

184 1213 299 1251 situm
321 1210 382 1250 vel
409 1210 504 1249 salso
532 1211 748 1263 repetitum,
776 1212 868 1264 quid
896 1212 1060 1265 denique
1087 1225 1315 1264 quacunque
1332 1212 1378 1250 de
1406 1226 1522 1252 causa

183 1283 275 1337 ipsis
315 1286 537 1335 suspectum
574 1281 788 1321 videretur:
831 1283 880 1322 ad
915 1282 1121 1336 Aproniani
1159 1286 1289 1321 autem
1325 1296 1523 1323 commen-

184 1355 318 1392 tarium
347 1352 450 1406 quod
477 1353 629 1398 attinet,
664 1353 881 1392 credibilius
908 1353 1029 1391 videri
1056 1352 1179 1397 debet,
1215 1366 1362 1391 errasse
1388 1353 1522 1393 lulium

182 1425 381 1472 Sabinum,
402 1438 520 1477 quum
538 1422 716 1463 facillime
737 1425 852 1463 errari
872 1428 1016 1478 posset,
1041 1438 1157 1477 quam
1178 1424 1274 1464 libro
1294 1438 1406 1464 usum
1426 1440 1522 1474 esse,

184 1498 292 1536 cuius
321 1496 422 1535 aliud
450 1494 598 1534 nullum
625 1496 830 1549 vestigium
860 1501 976 1535 extat.
1030 1498 1087 1535 Ac
1114 1497 1238 1535 minus
1265 1497 1380 1535 etiam
1414 1497 1523 1537 alteri

184 1572 411 1622 argumento
447 1566 660 1612 tribuerim,
702 1580 778 1619 quo
807 1567 974 1605 Aeneida
1010 1581 1163 1620 quoque
1192 1572 1230 1606 et
1256 1567 1446 1621 Georgica
1475 1568 1521 1607 ab

182 1640 248 1681 illo
277 1639 478 1679 emendata
506 1652 591 1677 esse
619 1629 774 1692 quidam
801 1639 1021 1679 defendunt.
1073 1638 1174 1678 Nam
1214 1640 1317 1692 quod
1341 1639 1378 1679 hi
1402 1639 1523 1680 Medi—

182 1724 294 1749 ceum
322 1709 496 1748 codicem
523 1710 604 1762 ipsa
633 1709 841 1762 Aproniani
868 1723 983 1748 manu
1012 1715 1228 1748 correctum
1256 1715 1371 1762 atque
1396 1709 1523 1748 litera-

181 1795 283 1829 rum,
317 1780 455 1834 quibus
484 1780 769 1820 emendationes
795 1794 865 1833 per
893 1785 1014 1821 totum
1048 1781 1228 1821 volumen
1257 1780 1431 1820 versibus
1459 1795 1523 1820 su-

180 1852 420 1906 prascriptae
436 1852 521 1899 sint,
539 1865 623 1890 eam
642 1850 784 1903 ubique
805 1851 1086 1891 similitudinem
1100 1866 1186 1891 esse
1200 1853 1314 1898 aiunt,
1337 1856 1378 1888 ut
1396 1853 1521 1889 omnia

179 1924 367 1964 eiusmodi
394 1923 651 1963 additamenta
679 1922 726 1971 ab
755 1923 892 1963 eodem
918 1923 1072 1963 homine
1094 1925 1231 1976 scripta
1250 1921 1457 1977 intelligas:
1486 1923 1522 1962 id

179 1985 309 2034 nescio
324 2007 371 2032 an
387 1994 632 2031 fundamento
652 2006 787 2044 parum
807 1998 911 2030 certo
931 1994 1267 2045 superstruxerint.
1304 1992 1406 2042 Quid
1423 1995 1523 2032 enim

178 2065 353 2118 impedit,
381 2063 583 2116 quominus
610 2066 834 2109 statuamus,
862 2064 988 2102 omnia
1015 2063 1078 2102 illa
1103 2063 1150 2102 ab
1171 2077 1247 2102 uno
1274 2063 1429 2104 homine
1457 2065 1523 2104 ad-

180 2135 321 2188 scripta
342 2147 438 2180 esse,
463 2133 515 2170 ita
538 2131 795 2202 tamem&
807 2132 1001 2172 Buc'olicis
1020 2134 1226 2187 Aproniani
1247 2136 1523 2182 recensionem,

178 2208 217 2247 in
235 2206 391 2261 reliquis
410 2205 525 2245 alium
544 2190 814 2259 quemcunque
839 2204 1011 2245 codicem
1038 2211 1194 2245 secutus
1213 2205 1287 2245 sit‘?
1320 2204 1458 2260 Neque
1478 2220 1522 2245 ea

180 2278 400 2318 coniectura
427 2290 525 2315 vana
553 2281 619 2315 aut
653 2276 853 2315 temeraria
881 2275 1070 2315 videbitur
1095 2277 1157 2323 iis,
1191 2279 1255 2331 qui
1282 2278 1406 2330 ipsam
1434 2277 1523 2316 sub-

182 2350 430 2403 scriptionem
470 2349 628 2403 propius
668 2347 921 2401 inspexerint,
975 2361 1089 2402 quam
1125 2348 1344 2403 ubicunque
1384 2349 1522 2389 editam

182 2421 327 2468 inveni,
364 2419 462 2460 haec
488 2419 682 2475 legebam:
724 2425 786 2449 ‘—
813 2419 890 2474 legi
924 2424 963 2458 et
996 2420 1145 2459 distinxi
1186 2421 1360 2461 codicem
1400 2422 1521 2460 fratris

188 2489 367 2531 Macharii
394 2505 429 2529 v.
460 2506 491 2531 c.
519 2505 596 2531 non
626 2491 699 2529 mei
727 2490 864 2530 fiducia
893 2496 953 2530 set
979 2492 1060 2543 ejus
1084 2493 1149 2531 cui
1183 2493 1212 2531 si
1246 2498 1284 2531 et
1317 2493 1362 2532 ad
1396 2492 1521 2530 omnia
