1669 2839
158 210 239 238 non
266 197 513 247 addidissent,
540 200 612 242 nisi
631 194 851 243 sensissent
877 200 961 254 ipsi,
990 200 1178 250 audacem
1203 200 1311 242 illam
1344 200 1515 256 explica-

160 269 308 309 tionem
337 285 423 310 esse
451 275 487 310 et
507 283 528 309 a
550 271 747 316 communi
774 284 847 310 usu
873 276 1074 311 remotam.
1129 271 1224 313 Erat
1249 274 1515 327 interpretum,

162 354 249 380 eam
275 341 453 380 lacunam
482 339 659 394 explere:
701 345 740 379 at
766 340 915 381 nullum
941 341 995 381 illi
1023 342 1245 397 exemplum
1273 344 1514 391 invenerunt,

163 425 238 466 quo
268 411 428 467 collegis
455 411 721 460 subvenirent,
761 417 800 451 et
827 426 967 461 vereor
1004 416 1160 456 omnino
1189 421 1232 456 ut
1258 414 1379 456 ullum
1406 416 1514 455 inve-

157 484 228 523 niri
255 485 387 537 possit,
415 498 534 538 quum
560 485 643 538 ipsa
673 484 848 524 vocabuli
873 485 930 524 vis
956 490 994 524 et
1020 491 1156 525 natura
1184 491 1366 526 conatum
1392 486 1514 539 impe-

158 555 239 595 dire
267 556 455 595 videatur.
496 554 708 595 Possumus
735 555 966 611 negligendo
995 561 1033 596 et
1058 556 1213 597 laudem
1242 571 1390 598 merere
1419 558 1513 597 etin

157 625 496 680 reprehensionem
524 627 737 665 incurrere:
765 641 961 680 nunquam
989 632 1118 666 autem
1145 632 1303 667 utuntur
1329 641 1376 668 eo
1392 627 1511 667 verbo

160 698 368 751 scriptores
387 698 425 736 in
446 697 619 736 ordinem
647 699 805 753 recepti,
833 699 905 738 nisi
932 698 1151 738 adiunctam
1177 698 1318 739 habeat
1344 698 1512 753 aliquam

156 774 406 823 contemptus
429 768 757 822 significationem.
812 768 1085 823 Vituperamur
1108 771 1234 824 igitur,
1253 783 1373 824 quum
1390 769 1512 824 leges,

159 841 296 889 officia,
318 841 464 880 amicos
484 840 734 895 negligimus;
763 841 1044 881 contemnimus
1064 842 1165 880 enim
1185 855 1241 889 ea,
1261 855 1360 896 quae
1379 847 1511 882 sancta

154 918 247 954 sunt
274 926 320 953 ac
347 913 409 966 pie
437 911 695 952 observanda:
731 911 945 960 laudamur,
973 925 1093 966 quum
1120 918 1187 951 aut
1214 913 1363 953 divitias
1389 912 1511 967 negli-

159 987 304 1042 gimus,
346 989 412 1025 aut
450 990 615 1024 mortem
643 989 759 1038 atque
788 983 977 1038 pericula3
1021 985 1187 1039 ingenua
1215 985 1317 1025 enim
1344 985 1509 1039 quadam

158 1056 339 1112 superbia
364 1056 453 1096 elati
482 1057 733 1110 despicimuS‚
763 1069 863 1109 quae
890 1055 938 1095 ab
968 1055 1049 1111 aliis
1077 1061 1143 1095 aut
1170 1061 1404 1110 expetuntur
1430 1061 1511 1096 stu-

159 1130 267 1170 diose
295 1134 362 1168 aut
389 1129 502 1168 anxie
530 1129 737 1183 fugiuntur.
789 1126 920 1167 Nolim
947 1128 985 1167 in
1004 1141 1046 1167 re
1073 1128 1165 1167 satis
1192 1127 1305 1176 obvia
1332 1127 1510 1182 exempla

155 1214 383 1257 congerere,
410 1213 645 1254 quamquam
674 1200 766 1247 scio,
794 1200 898 1253 quod
926 1200 1006 1239 fere
1029 1199 1070 1238 fit
1095 1199 1134 1238 in
1162 1199 1351 1238 eiusmodi
1378 1199 1510 1240 obser-

154 1273 385 1319 vationibus,
415 1286 500 1311 esse
526 1270 733 1311 nonnullos
760 1270 880 1318 locos,
908 1270 972 1309 ubi
998 1270 1121 1310 lenior
1149 1275 1187 1309 et
1213 1269 1366 1310 mollior
1392 1271 1509 1325 signi-

155 1345 282 1386 ficatio
317 1345 355 1383 in
397 1342 629 1397 negligentia
675 1343 802 1382 inesse
842 1342 1034 1381 videatur:
1076 1346 1114 1380 at
1153 1342 1178 1381 ii
1217 1346 1363 1389 tamen,
1409 1356 1507 1396 quos

154 1417 336 1472 equidem
362 1415 465 1462 novi,
497 1414 730 1454 strictiorem
756 1413 861 1453 illam
889 1412 1187 1467 explicationem
1214 1413 1276 1454 vel
1304 1414 1509 1455 admittunt

155 1489 220 1528 vel
240 1487 455 1542 postulant.
511 1486 661 1536 Quodsi
696 1500 795 1527 unus
831 1485 977 1524 alterve
1011 1485 1194 1539 supersit,
1236 1487 1299 1537 qui
1327 1500 1348 1525 a
1376 1488 1507 1541 peritis

152 1560 290 1600 harum
315 1573 443 1598 rerum
461 1558 600 1597 Acroni
623 1558 853 1611 patrocinari
867 1557 1067 1606 iudicetur,
1093 1557 1180 1604 hoc,
1207 1558 1280 1597 nisi
1298 1557 1419 1606 fallor,
1439 1573 1507 1614 ap-

149 1637 273 1695 paret,
295 1630 457 1671 Horatio
478 1629 553 1668 hoc
572 1629 728 1682 quidem
754 1628 840 1668 loco
863 1627 1132 1668 abstinendum
1156 1630 1274 1669 fuisse
1290 1642 1313 1668 a
1331 1635 1409 1669 tam
1428 1644 1506 1671 non

153 1704 245 1756 boni
261 1702 397 1742 ominis
411 1699 620 1740 vocabulo:
644 1699 744 1738 civili
761 1700 861 1739 enim
876 1700 1042 1753 ingenio,
1057 1699 1170 1753 quale
1185 1700 1254 1738 fuit
1264 1702 1505 1750 Maecenatis,

152 1774 244 1830 quid
263 1777 393 1827 potest
408 1769 685 1811 intolerabilius
699 1770 830 1818 videri,
849 1784 965 1824 quam
976 1770 1051 1817 vel,
1070 1770 1248 1810 levissina
1260 1777 1505 1826 contemptus

148 1860 195 1889 ac
215 1844 419 1899 superbiae
434 1843 614 1897 suspicio,
634 1855 753 1895 quum
769 1842 816 1881 de
832 1843 972 1883 civium
989 1856 1079 1882 cura
1096 1847 1212 1896 atque
1227 1841 1351 1882 salute
1367 1844 1503 1898 agitur.

147 1918 276 1972 Atque
296 1920 459 1970 augetur
477 1914 590 1954 huius
610 1914 825 1968 argumenti
844 1914 997 1968 pondus
1017 1915 1099 1969 ipsa
1119 1914 1327 1955 verborum
1345 1916 1504 1956 coniun-

145 1989 283 2042 ctione.
313 1986 375 2026 Ex
389 2001 466 2041 quo
482 1988 582 2026 enim
600 1985 764 2025 Bentleii
777 1986 1053 2040 interpretati0‚
1069 1986 1133 2039 qui
1149 1988 1402 2040 posteriorem
1416 2001 1504 2027 ver-

143 2073 231 2103 sum
241 2059 289 2099 ad
305 2059 492 2112 privatam
503 2057 737 2108 Maecenatis
748 2059 826 2097 suis
842 2057 889 2097 de
903 2056 1019 2097 rebus
1034 2071 1166 2098 curam
1183 2058 1395 2107 rettulerat,
1407 2060 1502 2108 iure,

145 2136 187 2170 ut
214 2131 362 2185 opinor,
396 2130 595 2184 repudiata
624 2134 682 2168 est
710 2128 757 2167 ab
791 2128 1010 2177 editoribus,
1039 2130 1221 2183 quoniam
1246 2131 1402 2169 anxium
1432 2130 1502 2169 do-

141 2202 327 2243 mesticae
355 2203 409 2242 rei
438 2203 606 2242 studium
634 2200 682 2241 ab
712 2200 813 2241 illius
833 2206 872 2241 et
891 2201 1075 2255 dignitate
1104 2207 1142 2241 et
1169 2207 1305 2242 natura
1333 2202 1499 2243 alienum

140 2274 301 2329 videtur,
329 2272 422 2313 nihil
437 2278 626 2327 superest,
652 2274 723 2312 nisi
744 2278 786 2312 ut
811 2285 1081 2328 agnoscamus,
1109 2274 1352 2328 participium
1380 2273 1498 2322 verbi,

136 2343 243 2384 nullo
271 2359 396 2400 neque
424 2345 545 2384 verbo
574 2359 699 2399 neque
727 2345 881 2384 nomine
920 2343 1069 2393 addito,
1112 2359 1182 2399 pro
1211 2344 1421 2393 adiectivo‚
1455 2350 1499 2385 ut

135 2416 189 2463 ita
218 2414 353 2464 dicam,
382 2418 550 2471 positum
572 2422 610 2456 et
636 2430 725 2457 cum
751 2417 994 2472 imperativo,
1023 2418 1088 2471 qui
1117 2415 1377 2471 subsequitur,
1403 2429 1498 2472 con·

131 2478 372 2545 iungendum
400 2485 519 2529 esse.‘
550 2488 605 2528 Ita
632 2494 763 2530 autem
792 2502 913 2544 quum
940 2489 1114 2542 ponitur,
1158 2488 1355 2529 acriorem
1379 2468 1497 2535 &aaa
