1669 2839
751 113 815 157 ,73
835 128 843 135 .

118 230 273 272 tundem
292 227 433 276 valere,
461 232 644 283 quantum
663 226 729 267 alii
739 232 821 267 toto
848 238 1010 281 corpore
1027 222 1210 270 valerent,
1236 224 1268 262 is
1293 224 1455 264 alterum

119 302 310 343 minimo
349 300 510 360 digi-
535 313 814 356 provocare
854 299 1057 339 diceretur.
1119 294 1173 334 lta
1206 295 1296 348 quin
1338 296 1455 335 locuti

119 374 202 420 sint,
229 385 306 412 non
333 371 446 410 video
479 382 547 409 cur
575 370 807 409 dubitemus:
848 384 924 410 non
964 367 1074 408 facile
1115 368 1218 408 enim
1242 367 1280 405 in
1307 366 1455 422 vulgari

117 443 319 499 proverbio
360 455 487 481 errare
519 446 696 495 poterant
722 442 975 497 grammatici,
1007 447 1138 496 atque,
1178 453 1277 494 quae
1317 443 1375 478 est
1400 443 1456 477 ta-

118 516 209 555 lium
237 512 485 554 formularum
513 513 795 562 immortalitas,
829 512 950 552 simile
989 513 1079 566 quid
1107 526 1208 553 nunc
1237 512 1352 552 etiam
1378 524 1456 551 non

84 572 94 577 „
119 600 204 626 raro
239 588 461 637 usurpatur,
502 598 620 638 quum
647 597 715 637 per
742 585 869 622 iocum
901 585 939 622 in
966 584 1123 622 minimo
1152 583 1310 621 alicuius
1338 583 1455 637 digito

117 657 203 711 plus
229 654 293 695 vel
319 655 460 708 ingenii
486 654 549 694 vel
577 655 772 695 doctrinae
798 641 924 694 ine'sse
965 654 1142 694 dicimus·
1169 667 1284 708 quam
1311 654 1352 695 in
1370 653 1457 715 aliis

119 725 337 766 hominibus
363 726 463 764 totis.
508 724 631 766 Recte
657 731 786 766 tamen
812 727 1012 774 fecerunt,
1010 726 1089 780 qui
1116 739 1201 765 eam
1228 727 1364 766 vernus
1388 733 1458 771 ek·

118 798 361 852 plicationem
389 797 585 836 ferendam
613 811 698 837 esse
723 801 921 852 negarunt,
950 798 1037 852 quia
1065 791 1457 871 digitinwtio

116 869 162 908 ab
190 868 350 908 Horatio
379 869 478 907 facta
504 873 623 907 esset:
663 868 849 908 eiusmodi
877 870 977 908 enim
999 868 1146 924 ellipsis
1173 855 1382 982 deff
1400 868 1458 908 vi-

116 942 237 988 detur,
265 955 383 995 quum
410 945 489 979 tam
515 940 659 980 multae
678 954 739 980 res
767 941 985 980 minimae
1014 941 1211 992 dicantQ
1223 946 1277 989 ut,
1363 938 1456 981 ‘'ex-

115 1012 282 1067 plicandi
307 1013 368 1052 via
395 1018 626 1052 monstretur
652 1013 699 1051 ab
726 1015 811 1066 ipso
839 1013 1037 1067 scriptore,
1064 1012 1252 1067 plurimae
1281 1017 1318 1052 et
1336 1014 1458 1052 maxi-

116 1098 178 1124 me
197 1085 325 1124 variae
352 1084 684 1138 interpretationes
704 1085 914 1139 excogitari
932 1086 1098 1139 poasint;
1126 1098 1172 1126 ac
1190 1084 1289 1125 bene
1309 1085 1457 1125 monuit

115 1154 326 1204 Bentleius,
354 1155 429 1196 hoc
449 1156 604 1210 quidem
630 1155 717 1195 loco
745 1155 893 1195 facilius
913 1157 1027 1195 etiam
1047 1157 1096 1196 de
1114 1157 1270 1196 minimo
1296 1157 1455 1215 pignore

116 1227 276 1281 cogitari
300 1241 426 1282 posse,
456 1241 570 1282 quam
585 1228 632 1267 de
658 1219 815 1267 minimd
843 1228 973 1284 digito.
1016 1229 1116 1279 Quid
1144 1228 1260 1283 quod
1269 1217 1349 1277 -e
1365 1228 1457 1283 quid

115 1311 164 1337 ne
185 1303 266 1337 tum
293 1299 449 1352 quidem
467 1300 614 1339 audere
636 1299 758 1337 voluit
769 1299 962 1348 Horatius,
991 1314 1109 1353 quum
1136 1301 1321 1339 sermonis
1335 1298 1456 1339 ambi—

116 1370 241 1423 guitas
267 1375 333 1409 aut
358 1369 461 1409 nulla
491 1384 540 1409 ex
567 1370 691 1425 ellipsi
718 1370 920 1419 oriebatur,
948 1377 1014 1410 aut
1026 1370 1138 1410 valde
1165 1369 1391 1410 tolerabilis:
1425 1368 1457 1410 si

114 1441 215 1481 enim
242 1447 311 1481 sat.
330 1440 371 1482 ll.
392 1443 427 1482 8.
443 1443 494 1481 2-5
521 1443 735 1498 scripsisset
760 1442 857 1483 haec
885 1442 1168 1497 Nomentanus
1193 1443 1241 1482 ad
1267 1442 1353 1491 hoc,
1381 1445 1456 1497 qui,

114 1514 143 1553 si
164 1515 255 1568 quid
275 1514 374 1553 forte
401 1513 548 1562 lateret,
576 1515 701 1555 indice
729 1516 985 1564 monstraret’,
1012 1521 1170 1570 propter
1195 1516 1322 1569 ipsum
1347 1525 1456 1555 mon-

114 1586 258 1625 strandi
284 1586 446 1625 verbum
484 1600 597 1625 nemo
626 1600 703 1627 non
740 1586 979 1641 intelligeret,
1019 1586 1220 1626 indicem
1250 1586 1297 1625 de
1332 1587 1455 1635 iche

116 1657 233 1711 digito
264 1657 533 1711 explicandum
563 1672 669 1706 esse3
710 1659 827 1697 tutius
858 1663 988 1698 tamen
1017 1661 1050 1698 ei
1077 1658 1202 1697 visum
1230 1664 1289 1697 est
1313 1659 1455 1711 ‘indice

114 1734 345 1769 monstraret
364 1729 538 1783 digito?
570 1730 743 1770 Eandem
757 1731 973 1786 cautionem
989 1729 1111 1769 ceteri
1123 1743 1276 1783 quoque
1296 1730 1455 1784 scripto-

114 1814 175 1839 res
193 1801 371 1841 videntur
393 1801 630 1842 adhibuisse:
652 1800 884 1841 Ciceronem
901 1802 1002 1841 enim
1023 1806 1182 1855 apparet
1195 1801 1287 1841 nihil
1301 1803 1455 1842 omnino

112 1884 249 1912 ausum
274 1886 377 1921 esse,
405 1888 524 1929 quum
551 1875 589 1913 in
617 1873 777 1928 epistola
805 1872 852 1912 ad
872 1873 1041 1912 Atticum
1070 1871 1181 1922 (XIII.
1201 1873 1252 1910 46
1264 1873 1330 1923 in.)
1357 1872 1453 1921 haec

112 1945 280 1999 scripsit:
310 1945 462 1998 ‘Pollex
490 1946 655 1999 quidem,
696 1951 739 1985 ut
770 1946 927 1992 dixerat,
956 1945 1003 1984 ad
1027 1944 1113 1984 Idus
1146 1943 1253 1983 Sext.
1285 1945 1336 1984 ita
1362 1945 1453 1985 mihi

111 2015 271 2055 Lanuvii
290 2017 410 2069 pridie
429 2016 516 2055 Idus
534 2021 693 2068 praesto*
706 2018 793 2063 fuit,
821 2017 889 2055 sed
907 2016 1020 2069 plane
1043 2015 1185 2069 pollex,
1212 2029 1290 2063 non
1308 2017 1454 2065 index';

111 2088 188 2126 imo
216 2100 265 2126 ne
301 2088 426 2141 potuit
462 2087 617 2141 quidem
657 2086 764 2127 aliter
807 2086 984 2127 scribere.
1040 2085 1199 2126 Abiecta
1237 2087 1353 2142 igitur
1379 2087 1454 2128 loci

111 2155 423 2212 interpretatione
452 2159 659 2212 antiquitus
687 2159 834 2205 tradita,
863 2158 1044 2198 Heinsius
1062 2158 1264 2197 Horatium
1282 2172 1358 2198 non
1377 2160 1453 2198 mi-

111 2230 233 2269 nimo
274 2234 527 2283 provocatum
556 2243 641 2269 esse
668 2229 827 2284 putabat
858 2229 1154 2284 abimportuno
1183 2228 1453 2277 versificatore,

112 2302 179 2340 sed
206 2290 362 2340 mimo':
390 2301 427 2340 id
455 2315 548 2340 vero
577 2314 698 2355 quum
724 2314 801 2341 non
828 2303 910 2355 ipse
937 2303 1205 2355 interpretatus
1220 2302 1277 2348 sit,
1306 2301 1373 2340 sed
1397 2303 1453 2341 in-

112 2372 397 2427 terpretandum
425 2372 618 2427 reliquerit
644 2373 827 2427 posteris,
868 2378 974 2412 recte
1000 2372 1055 2420 hi,
1084 2386 1152 2411 sua
1178 2371 1356 2412 libertate
1384 2376 1452 2421 usi,

112 2449 373 2493 commentum
401 2445 555 2483 minime
595 2443 791 2497 probabile
819 2446 977 2485 reiicere
1004 2444 1235 2492 maluerunt,
1274 2445 1451 2498 quamin

112 2515 338 2570 explicando
378 2516 520 2556 irritam
561 2529 719 2570 operam
760 2516 964 2557 collocare.
1026 2514 1084 2555 Eo
1125 2518 1246 2573 magis
1284 2515 1451 2570 permul-
