1669 2839
812 102 901 147 134

164 217 331 260 notum,
359 218 501 254 utnon
527 211 638 252 facile
665 213 860 267 corrumpi
887 217 1030 267 posset,
1059 213 1534 268 demonstrant2quodam-›

184 284 315 332 modo,
344 285 376 324 si
403 285 496 324 tanti
522 289 599 331 est,
627 285 881 337 quae-Acron
910 287 949 321 et
975 281 1228 336 Cruquianus
1248 291 1532 333 commentator

185 356 232 396 de
261 358 343 397 eius
371 355 506 395 vi1sibi
532 355 696 395 dicenda
723 357 1050 395 existimaverunt.

288 427 419 481 Epist..
436 424 478 465 ll.
502 427 538 465 2.
572 428 643 465 170
670 442 748 481 sq.:

315 499 384 539 sed
411 504 535 538 vocat
554 512 677 552 usque
704 513 829 547 suum,
857 511 931 552 qua
959 497 1125 551 populus
1152 499 1271 539 adsita
1300 500 1413 538 certis

314 568 497 609 limitibus
522 570 647 610 vicina
675 571 814 626 refugit
839 569 972 624 iurgia.

144 637 146 639 ’
185 639 381 696 Refugit
410 655 529 696 quum
555 642 593 681 in
620 642 890 697 antiquissimis
918 640 1118 681 codicibus
1135 642 1193 689 sit,
1222 648 1328 682 recte
1355 643 1530 682 fecerunt

185 713 422 752 recentiores
450 714 580 761 critici,
608 715 712 767 quod
734 713 953 753 Bentleium
970 713 1092 753 secuti
1111 726 1188 752 non
1217 718 1324 753 sunt:
1353 713 1406 752 illi
1429 714 1530 758 enim

186 784 290 837 quod
318 785 430 823 unice
463 784 698 838 probabatur
732 785 920 840 refigit,
959 785 997 824 id
1024 785 1061 824 in
1090 784 1347 824 mediocribus
1381 789 1530 824 tantum

183 854 288 894 libris
313 861 509 909 repertum
545 863 621 905 est,
657 871 783 911 neque
812 856 859 896 ab
888 858 969 911 ipsa
1006 856 1192 895 sententia
1221 869 1306 895 eam
1334 860 1534 896 commend

186 926 382 966 dationem
422 927 555 976 habet,
598 935 639 968 ut
674 929 784 968 alteri
822 928 977 968 lectioni
1017 927 1312 982 praeferendum
1344 927 1529 966 videatur.

184 996 292 1038 Idem
319 999 423 1054 quod
465 1002 669 1053 quaesivit,
712 1016 780 1042 eur
809 1002 986 1056 refugit
1024 1000 1228 1056 praeterito
1258 1004 1432 1054 tempore
1459 1013 1530 1054 po-

186 1071 327 1109 suisset
353 1070 554 1121 Horatius,
588 1074 859 1129 interpretibus
893 1075 1032 1113 nimius
1065 1072 1283 1111 videturin
1309 1071 1528 1125 quaerendo

185 1142 319 1190 fuisse,
362 1145 544 1196 quoniam
570 1148 785 1200 perfectum
823 1151 992 1200 tempus¹
1012 1142 1210 1197 ἀορίστως
1241 1144 1409 1196 positum
1445 1157 1532 1182 esse.

186 1219 380 1267 appareat.
436 1214 505 1255 Est
532 1217 563 1255 is
590 1219 750 1271 perfecti
777 1232 868 1257 usus
896 1206 1076 1271 frequens
1104 1216 1141 1254 in
1169 1213 1364 1261 similibus
1392 1213 1530 1268 quibus

187 1291 327 1339 poetae
355 1301 454 1341 quae
481 1274 635 1327 narrant
662 1295 728 1328 aut
746 1291 892 1328 variare
920 1289 1075 1328 student
1094 1291 1159 1326 aut
1176 1285 1376 1333 illustrare,
1404 1299 1530 1339 neque

188 1357 307 1397 multo
334 1361 454 1400 rarior
472 1362 510 1400 in
530 1362 726 1400 sententiis
746 1363 923 1400 universe
942 1361 1062 1407 dictis,
1091 1357 1197 1397 velut
1219 1356 1325 1411 epist.
1345 1356 1372 1396 1.
1390 1358 1448 1397 19.
1462 1358 1529 1397 48:

188 1429 260 1469 alia
281 1433 470 1486 exempla,
499 1447 597 1486 quae
627 1435 801 1472 certatim
830 1433 953 1472 afferri
973 1433 1108 1477 solent,
1137 1434 1203 1468 aut
1221 1428 1330 1467 aliter
1349 1429 1530 1483 explicari

188 1509 361 1554 possunt,
390 1509 456 1542 aut
475 1505 719 1543 inveniuntur
744 1506 780 1543 in
800 1505 844 1543 iis
864 1504 1074 1543 carminum
1100 1498 1280 1555 partibus,
1309 1514 1407 1553 quae
1426 1506 1529 1540 totae

186 1573 367 1612 fervidius
396 1574 562 1626 scriptae
590 1580 678 1613 sunt
706 1579 858 1627 atquea
883 1574 1077 1613 communi
1106 1583 1283 1610 sermone
1310 1559 1548 1612 abhorrent(

184 1641 273 1683 Non
311 1645 471 1684 mirarer
510 1646 641 1700 igitur,
683 1648 713 1686 si
743 1661 763 1686 e
792 1646 1022 1687 carminibus
1059 1642 1277 1699 Horatianis
1317 1642 1380 1682 vel
1420 1643 1527 1697 plura

187 1717 299 1754 etiam
334 1716 511 1769 exempla
546 1717 764 1771 collegisset
799 1717 1117 1771 Dillenburgerus
1151 1714 1199 1754 ad
1234 1728 1348 1754 carm.
1376 1714 1402 1755 l.
1433 1717 1464 1754 l.
1491 1716 1526 1761 4,

185 1801 420 1841 quamquam
447 1788 497 1827 ibi
532 1803 686 1843 quoque
727 1790 908 1829 nonnulla
949 1791 1184 1842 irrepserunt
1218 1786 1265 1825 ab
1299 1787 1371 1826 hac
1393 1786 1525 1825 scausa

183 1858 324 1898 aliena:
359 1861 395 1898 in
423 1861 546 1899 satiris
574 1866 690 1915 atque
719 1861 889 1915 epistolis
918 1860 992 1899 tale
1021 1859 1110 1913 quid
1138 1859 1201 1897 vix
1230 1860 1525 1912 exspectaveris.

182 1930 320 1985 Neque
349 1931 467 1971 fallax
497 1945 540 1970 ea
570 1935 809 1986 exspectatio
831 1939 905 1972 est:
936 1933 1086 1971 sienim
1114 1930 1160 1969 ab
1190 1931 1234 1969 iis
1261 1929 1355 1969 locis
1383 1930 1525 1969 disces-

185 2004 290 2051 seris,
328 2003 391 2042 ubi
418 2002 608 2043 infinitivis
636 1995 803 2059 perlecti
824 2006 1007 2060 temporis
1034 2005 1084 2043 ita
1113 2005 1229 2044 utitur
1256 2002 1448 2051 Horatius,
1487 2008 1526 2042 ut

183 2077 247 2115 vix
283 2077 484 2115 videantur
523 2082 628 2115 certo
670 2076 788 2116 limite
818 2092 838 2115 a
868 2078 1079 2130 praesentis
1119 2076 1302 2130 temporis
1335 2074 1525 2114 infinitivis

182 2148 351 2202 separari
380 2161 506 2202 posse,
534 2149 636 2200 quod
664 2163 779 2203 saepe
799 2148 845 2188 ab
873 2148 937 2188 illo
967 2149 1109 2188 factum
1139 2153 1207 2195 est,
1234 2161 1344 2195 unuS‚
1372 2147 1524 2186 sirecte

182 2221 346 2267 memini,
374 2220 485 2258 locus
515 2225 690 2272 superest
709 2221 755 2259 ad
775 2221 947 2259 fraudem
976 2221 1189 2259 faciendam
1210 2220 1524 2259 accommodatus

183 2291 289 2343 epist.
307 2290 345 2330 ll.
373 2293 404 2330 1.
427 2291 522 2329 200:
551 2304 655 2343 ‘nam
670 2305 777 2343 ,quae
796 2292 1020 2344 pervincere
1041 2305 1157 2330 voces
1177 2289 1356 2330 evaluere
1376 2303 1522 2336 sonum,

180 2362 351 2401 referunt
378 2377 492 2417 quem
521 2368 649 2402 nostra
681 2361 848 2400 theatra?
902 2364 952 2403 A't
979 2363 1080 2404 hunc
1109 2376 1184 2402 non
1212 2362 1325 2402 video
1353 2375 1422 2401 cur
1448 2376 1522 2404 non

179 2433 293 2474 liceat
312 2435 364 2473 ita
385 2435 632 2489 interpretari,
661 2435 769 2489 quasi
790 2435 925 2475 dixerit
945 2441 1075 2489 poeta:
1104 2450 1209 2489 ‘nam
1228 2432 1327 2488 q'uae
1353 2448 1520 2489 unquam

184 2520 301 2546 voces
331 2512 407 2545 tam
438 2519 599 2547 sonorae
628 2508 797 2555 fuerunt,
826 2513 864 2546 ut
893 2508 929 2546 in
958 2513 1071 2548 tanto·
1090 2507 1324 2549 theatrorum
1353 2507 1523 2562 strepitu,
