1669 2839
810 49 872 100 ΕΒ
923 83 929 90 ·

165 162 243 218 11⁶5:
257 170 340 218 -pm
361 163 568 220 explorato
595 162 749 219 videtur
765 152 862 218 poni
881 176 1020 219 posse,
1062 163 1190 213 inum,
1209 176 1331 220 quum
1349 165 1510 206 divium

165 233 366 276 Houfinmn
390 235 580 276 conviviis
616 238 741 292 sa'epe‘
764 236 1018 287 interfuisset,
1060 249 1196 277 omnes
1225 248 1293 277 eas
1324 237 1508 292 cupediae

166 314 348 347 accurate
365 308 529 354 novisse,
556 306 697 360 quibus
715 308 808 348 hinc
826 320 984 348 mensae
1011 308 1162 347 onerari
1183 307 1372 347 solebant.
1421 308 1507 358 Qua

167 380 216 418 de
256 391 372 418 causa
421 370 716 431 equideml‘nffi
756 391 915 433 possum
956 379 1131 426 credere,
1180 378 1421 425 Fundanium
1462 391 1507 418 ea

164 451 324 499 dixisse,
365 462 464 504 quae
501 434 601 489 eum*
624 444 828 510 diceptem
852 451 997 491 faciunt
1032 451 1187 491 codices
1222 452 1338 491 etiam
1375 452 1509 505 optimi

163 525 213 570 (v.
229 521 281 560 25
299 524 419 575 sqq.):

293 591 563 633 Nomentanus
591 594 639 633 ad
666 592 752 641 hoc,
781 594 856 647 qui,
885 594 917 632 si
945 593 1036 646 quid
1062 594 1161 632 sorte
1187 593 1337 640 lateret,

289 662 417 702 indice
443 668 676 703 monstraret
699 664 841 719 digito:
875 676 965 703 nam
994 669 1121 705 cetera
1148 663 1273 710 turba,

289 748 375 783 nos,
403 735 570 789 inquam,
600 748 810 776 coenamus
838 749 942 784 aves,
967 735 1183 789 conchylia,
1211 736 1348 789 pisceS‚

291 807 409 861 longe
435 806 659 846 dissimilem
685 812 778 847 noto
805 807 969 847 celantia
998 820 1146 854 sucum,

287 883 332 918 ut
359 877 423 917 vel
451 879 633 918 continuo
661 880 793 932 patuit,
823 892 912 919 cum
940 880 1106 933 passeris
1134 885 1249 934 atque

288 951 480 1004 ingustata
508 950 600 989 mihi
628 955 854 1003 porrexerat
886 949 949 989 ilia
977 949 1139 989 rhombi.

159 1020 237 1060 vix
265 1021 366 1059 enim
395 1022 601 1076 quicquam
628 1027 721 1076 puto
751 1011 891 1076 apponi
914 1022 1087 1075 potuisse
1112 1035 1134 1061 a
1153 1019 1381 1070 Nasidieno,
1401 1023 1503 1076 quod

159 1093 274 1147 plane
300 1093 538 1146 ingustatum
565 1093 680 1131 fuerit
698 1092 910 1132 Fundanio.
952 1091 1056 1132 Nam
1082 1092 1380 1146 prudentissime
1406 1092 1503 1133 haec

158 1165 309 1204 monuit
334 1168 465 1203 Acron
493 1164 540 1203 ad
567 1178 603 1202 v.
624 1165 663 1202 1:
693 1162 942 1216 ‘Nasidienus
970 1178 1029 1218 eq.
1056 1162 1168 1203 Rom.
1197 1164 1241 1203 in
1269 1163 1378 1203 aliis
1407 1164 1502 1203 ele-

157 1249 290 1290 gans,
327 1236 366 1275 in
396 1236 685 1275 enumeratione
713 1241 843 1274 autem
870 1235 1101 1274 lautitiarum
1130 1248 1285 1275 suarum
1313 1236 1501 1288 putidus':

157 1320 255 1361 quos
288 1305 383 1346 fines
418 1307 568 1359 quoties
603 1311 854 1345 excesserunt
887 1307 1133 1360 interpretes,
1174 1307 1226 1345 ita
1261 1311 1303 1345 ut
1337 1306 1375 1345 in
1410 1307 1502 1359 ipsis

155 1377 278 1432 epulis
305 1377 367 1416 alii
394 1362 784 1425 aliaeaviliarentur,
811 1378 928 1417 toties
952 1391 1023 1417 eos
1049 1390 1214 1425 errasse,
1241 1376 1345 1416 haud
1371 1378 1501 1427 paucis

156 1436 345 1503 exemplis
379 1448 633 1489 demonstrari
670 1455 808 1504 potest.
863 1448 981 1488 Velut
1015 1450 1100 1503 ipso
1135 1447 1210 1488 hoc
1243 1448 1330 1488 loco
1358 1454 1500 1504 negant

157 1521 330 1574 quidam,
366 1522 550 1559 usitatum
583 1522 718 1568 fuisse,
753 1527 795 1559 ut
822 1521 983 1573 piscium
1011 1521 1074 1560 ilia
1101 1522 1139 1559 in
1166 1521 1353 1559 conviviis
1380 1534 1501 1574 appo-

152 1596 344 1631 nerentur.
399 1591 451 1630 At
476 1591 560 1645 quis
588 1591 658 1631 sibi
687 1592 937 1646 persuaserit,
967 1604 1101 1631 eorum
1127 1591 1307 1645 piscium,
1331 1606 1499 1647 quorum

152 1676 303 1703 summa
329 1663 508 1702 nobilitas
536 1669 629 1710 erat,
656 1677 735 1703 non
762 1664 877 1703 etiarn
904 1664 1095 1711 intestina,
1122 1677 1220 1716 quae
1239 1663 1351 1703 hodie
1370 1666 1498 1718 magni
1560 1673 1562 1675 ’

154 1736 403 1775 aestimantur
420 1735 459 1774 in
477 1734 647 1788 piscibus
666 1749 789 1789 paene
809 1734 997 1784 omnibus,
1027 1735 1171 1789 optima
1199 1734 1275 1784 vel,
1303 1740 1345 1774 ut
1362 1734 1499 1790 loque-

153 1808 292 1847 bantur
318 1806 491 1861 gulones,
520 1805 680 1858 ‘edulia’
710 1809 794 1857 (sat.
816 1806 860 1845 ΙΙ.
880 1808 915 1845 4.
928 1807 995 1857 43)
1024 1807 1152 1853 fuisse,
1182 1821 1301 1861 quum
1317 1802 1495 1854 s‘ciamus,

150 1878 283 1918 seculo
297 1879 377 1918 fere
395 1883 494 1932 post,
510 1879 632 1932 magis
650 1879 689 1917 in
708 1878 790 1917 dies
809 1883 921 1919 aucta
935 1877 1098 1926 luxuria,
1115 1892 1164 1917 ex
1184 1877 1363 1932 perbonis
1382 1878 1497 1918 etiam

151 1955 190 1989 et
216 1950 393 2003 pretiosis
418 1950 589 2003 piscibus
616 1949 708 1988 nihil
735 1954 888 2003 praeter
915 1951 998 2004 ipsa
1025 1950 1202 1989 intestina
1229 1950 1381 1990 comedi
1408 1949 1497 1990 soli-

151 2026 232 2060 tum
260 2035 359 2061 esse.
387 2020 518 2061 Docet
543 2021 583 2060 id
610 2020 795 2060 Martialis
822 2020 897 2061 hoc
926 2021 1202 2075 epigrammate
1231 2020 1342 2070 (Xffl.
1370 2023 1455 2073 84);

279 2092 343 2132 hic
370 2106 514 2139 scarus,
543 2092 745 2145 aequoreis
773 2093 838 2145 qui
865 2092 971 2131 venit
998 2091 1140 2132 obesus
1167 2091 1215 2131 ab
1242 2093 1366 2142 undis,

276 2164 490 2204 visceribus
518 2163 642 2203 bonus
670 2168 739 2211 est,
768 2169 895 2204 cetera
922 2163 999 2203 vile
1027 2165 1142 2218 sapit:

149 2243 188 2276 at
215 2237 382 2277 eundem
407 2237 555 2290 piscem
585 2234 731 2274 Plinius
752 2248 788 2274 n.
808 2234 844 2274 h.
861 2233 1024 2275 XXXII.
1050 2238 1092 2274 ll
1124 2250 1193 2275 sua
1220 2242 1347 2276 aetate
1374 2239 1493 2291 ,prin-

148 2307 326 2361 cipalem'
354 2307 472 2346 fuisse
492 2306 593 2345 dicit.
636 2304 770 2359 ltaque
796 2305 889 2345 nihil
907 2307 997 2345 fecit
1014 2304 1257 2354 Nasidienus,
1286 2307 1491 2360 quodcum

147 2379 239 2417 artis
270 2377 421 2432 legibus
454 2382 662 2430 pugnaret,
692 2382 758 2415 aut
784 2376 983 2416 Fundanio
1012 2378 1221 2418 admodum
1249 2379 1491 2433 inexspecta-

146 2454 229 2490 tum
257 2462 341 2488 esse
368 2454 513 2503 posset.
561 2446 761 2489 Accedunt
779 2447 862 2494 alia,
892 2448 1029 2504 quibus
1055 2455 1281 2504 suspectum
1308 2451 1491 2492 reddatur
