1669 2839
154 175 336 252 exemplo
352 195 470 237 contii
472 199 608 243 matur,
633 192 825 234 clausulas
841 205 1024 233 versuum
1043 204 1120 231 uon
1138 204 1233 254 rap
1243 192 1501 245 suspicionem

158 283 316 317 movere
333 268 553 310 accuratius
570 265 806 322 legentibus.

259 342 370 382 Haec
410 353 542 395 quum
569 339 620 379 ita
654 352 740 378 sese
780 337 962 387 habeant,
1002 338 1033 377 si
1074 336 1200 377 adhuc
1232 336 1271 376 in
1311 335 1498 374 eiusmodi

157 414 339 454 clausulis
371 411 685 466 interpolationes
717 411 901 465 quasdam
941 410 1060 450 latere
1101 409 1253 456 dixero,
1295 407 1334 447 id
1361 420 1430 461 per
1458 420 1499 446 se

157 486 284 539 ipsum
310 497 387 524 non
415 484 556 537 poterit
582 481 803 521 incredibile
829 469 962 520 videri.
1015 481 1274 533 Dispiciamus
1301 479 1349 519 de
1368 481 1500 533 singu·

158 556 215 594 lis.
252 554 293 594 ln
319 554 517 608 praeclaro
545 554 715 593 carmine
741 552 791 591 dc
816 553 950 591 itinere
968 550 1212 590 Brundusino
1240 549 1349 588 saul.
1368 550 1404 596 5,
1433 550 1496 588 ubi

160 626 387 666 describitur
412 625 604 664 Sarmenti
632 629 672 663 et
698 622 827 662 Messii
856 622 991 662 Cicirri
1018 634 1165 676 pugna,
1193 621 1275 674 qui,
1303 624 1345 658 ut
1369 619 1498 659 Acron

159 698 222 744 ait,
251 697 342 749 ‘ioci
369 709 485 735 causa
511 709 554 734 se
581 694 745 735 invicem
774 693 901 732 verbis
929 691 1166 746 fatigabant'‚
1194 690 1291 731 haec
1317 704 1418 730 nunc
1445 690 1499 729 le-

158 773 302 823 guntur
329 782 363 806 v.
390 768 440 808 57
469 781 570 821 sqq.:

740 836 920 883 ridemus,
948 841 987 875 et
1013 836 1095 888 ipse

261 910 441 951 Messius:
469 907 664 963 ⁸accipio'‚
693 911 875 962 caputet
900 912 1048 946 movet:
1077 920 1116 959 ιο
1145 912 1210 945 tua
1239 919 1359 947 cornu

259 982 295 1020 ni
323 982 422 1020 foret
449 985 607 1019 exsecto
636 979 757 1018 frons'
784 979 916 1031 inquit,
944 977 1052 1030 „quid
1079 978 1237 1023 faceres,
1265 990 1383 1029 quum

258 1053 314 1092 sic
341 1050 497 1090 mutilus
526 1049 754 1089 minitaris?'
781 1056 821 1089 at
846 1048 899 1088 illi
927 1049 1040 1088 foeda
1066 1048 1226 1089 cicatrix

265 1126 432 1160 setosam
459 1120 558 1160 laevi
586 1121 751 1160 frontem
779 1124 1002 1173 turpaverat
1030 1122 1117 1160 oris.

160 1192 198 1232 ln
227 1192 285 1232 his
312 1194 382 1232 tria
417 1198 522 1240 sunt,
562 1207 662 1246 quae
697 1206 933 1246 magnopere
965 1206 1029 1232 me
1066 1192 1274 1232 offendunt.
1327 1192 1497 1233 Primum

158 1277 299 1318 ponam
317 1263 368 1311 id,
395 1264 498 1317 quod
526 1266 640 1303 etiam
666 1262 919 1317 Porphyrioni
946 1263 1085 1302 mirum
1103 1269 1161 1302 est
1180 1264 1315 1303 visum.
1343 1262 1378 1302 ls
1397 1265 1498 1303 enim

158 1350 258 1389 quae
285 1335 435 1388 scripsit
454 1335 502 1374 ad
521 1350 556 1374 v.
585 1338 631 1374 61
667 1337 839 1388 ‘attende
866 1335 1146 1375 elocutionem:
1173 1335 1273 1374 laevi
1301 1336 1377 1374 oris
1397 1336 1498 1374 fron-

158 1412 236 1447 tem
263 1419 332 1461 pro
360 1405 511 1446 laevam
539 1411 686 1461 partem
719 1407 827 1462 ponit
852 1406 889 1445 in
918 1406 1076 1446 fronte':
1104 1420 1149 1446 ea
1177 1406 1267 1461 quid
1295 1411 1401 1454 sunt,
1428 1407 1498 1446 nisi

155 1480 322 1533 ingenua
362 1479 570 1526 confessio,
607 1479 704 1518 haec
732 1493 754 1517 a
782 1479 975 1517 communi
1008 1479 1188 1532 loquendi
1223 1479 1499 1518 consuetudine

156 1549 367 1590 recedere?
408 1552 535 1605 Atque
562 1551 626 1604 qui
648 1550 878 1598 meminerit,
907 1550 944 1589 in
979 1563 1193 1604 pugnarum
1234 1550 1498 1604 descriptione,

159 1623 275 1660 etiarn
302 1622 546 1668 iocularium,
579 1622 859 1662 festinationem
880 1621 1017 1660 decere
1044 1627 1210 1673 poetam,
1238 1635 1365 1674 neque
1392 1623 1499 1674 quic-

158 1706 274 1746 quam
289 1694 411 1747 magis
439 1691 653 1733 cavendum
681 1706 778 1740 esse,
805 1706 921 1747 quam
949 1706 997 1732 ne
1025 1697 1191 1747 ponatur
1217 1692 1370 1747 aliquid,
1396 1692 1500 1747 quod

156 1763 378 1817 languidum
406 1765 454 1803 sit
481 1769 519 1803 et
545 1765 584 1803 in
602 1764 761 1818 longum
789 1765 905 1803 ducat
932 1765 1164 1804 orationem:
1193 1766 1224 1803 is
1244 1763 1400 1818 negabit
1419 1779 1499 1804 me-

161 1848 262 1883 cum,
281 1835 485 1875 Horatium
503 1841 582 1875 tam
600 1835 716 1890 longa
737 1834 899 1875 formula
914 1849 1072 1876 usurum
1091 1837 1218 1884 fuisse,
1234 1850 1351 1889 quum
1367 1840 1500 1889 posset

160 1906 355 1959 aliquanto
382 1907 536 1947 brevius
562 1904 702 1946 dicere.
740 1907 912 1945 Alterum
940 1907 1015 1945 hoc
1043 1912 1111 1945 est.
1149 1907 1322 1952 Constat,
1351 1908 1498 1959 opinor,

156 1977 264 2016 iocos
292 1982 535 2016 eostantum
562 1976 715 2030 probari
744 1981 782 2015 et
807 1977 943 2030 dignos
969 1976 1107 2024 videri,
1135 1978 1199 2031 qui
1239 1976 1303 2017 vel
1331 1976 1500 2032 aequali·-

159 2048 230 2086 bus
257 2047 320 2086 vel
347 2049 511 2100 posteris
539 2046 752 2095 tradantur,
787 2049 850 2100 qui
879 2049 915 2086 ei
940 2049 1014 2095 rei,
1051 2049 1099 2088 de
1127 2063 1202 2102 qua
1230 2051 1314 2102 quis
1340 2050 1498 2095 iocatur,

155 2120 206 2159 ita
235 2117 514 2159 accommodati
542 2119 628 2166 sint,
656 2123 699 2159 ut
715 2118 808 2159 nihil
835 2132 960 2174 neque
987 2120 1227 2167 desideretur
1252 2134 1378 2175 neque
1406 2133 1501 2159 exu-

157 2193 284 2232 beret:
312 2205 389 2231 non
416 2196 593 2245 pungunt
620 2192 733 2240 enim,
761 2205 880 2245 quum
907 2192 1135 2240 claudicant,
1176 2199 1215 2232 et
1240 2193 1350 2232 facile
1377 2191 1500 2233 retor-

156 2264 264 2318 queri
291 2268 454 2317 possunt
480 2264 518 2303 in
545 2263 819 2303 adversarium.
860 2264 909 2304 At
925 2263 991 2304 ille
1006 2264 1159 2319 quidem
1174 2264 1367 2305 Sarmenti
1381 2265 1499 2314 iocus,

159 2335 280 2389 qualis
308 2349 410 2376 nunc
438 2339 514 2382 est,
543 2334 604 2373 vel
632 2336 800 2374 maxime
828 2336 1028 2391 claudicat.
1079 2335 1226 2375 Natura
1252 2338 1354 2376 enim
1382 2351 1500 2390 quum

156 2407 243 2448 bina
261 2405 487 2447 animalibus
506 2419 647 2447 cornua
667 2407 758 2447 dare
786 2408 921 2456 soleat,
949 2409 978 2447 si
1007 2407 1168 2447 alterum
1187 2408 1224 2448 in
1242 2407 1352 2449 laeva
1372 2408 1499 2449 Messii

155 2480 278 2518 fronte
309 2484 509 2519 exsectum
539 2485 635 2527 erat,
670 2479 836 2519 debebat
864 2480 1004 2533 aliquid
1031 2480 1147 2519 etiam
1175 2480 1223 2520 de
1251 2481 1387 2520 dextro
1415 2481 1499 2528 dici,
