1669 2839
819 72 882 120 60
964 83 997 122 n:

167 180 518 231 serisdebeamus‘,
553 184 585 223 si
619 189 725 224 recte
762 199 803 223 se
831 183 1036 233 haberent,
1072 181 1295 224 vixvsacere
1322 194 1525 240 possemus

171 254 263 308 quin
298 254 622 303 concederemuS,
659 256 828 297 iudicem
867 271 1007 297 unum
1042 256 1105 297 hic
1139 257 1213 297 dici
1247 257 1431 298 eximium
1458 257 1524 309 pel
1564 262 1569 268 '

170 328 423 382 praecipuum
444 327 506 365 vel
526 328 712 381 optimum
733 329 911 369 iudicem.
954 330 1005 369 At
1033 335 1140 371 recte
1160 329 1344 370 iudicavit
1359 327 1524 376 Garato-

169 401 274 448 nius,
311 401 374 454 qui
409 401 446 439 in
480 401 565 454 ipso
601 400 667 441 illo
695 401 887 442 vocabulo
917 402 1177 457 corruptelam
1204 402 1326 443 latere
1353 416 1524 457 pronun·

169 474 289 521 tiavit,
317 486 555 528 quamquam
582 475 686 530 quod
713 476 796 531 ipse
827 475 993 516 coniecit
1027 481 1087 529 ‘ut
1113 474 1317 516 iudicem
1343 476 1523 530 ipsum’,

164 544 203 584 id
238 549 279 583 et
311 543 537 599 languidum
573 553 632 586 est
666 554 706 588 et
736 549 850 587 nimis
878 526 1057 602 vulgare:
1095 548 1273 602 equidem
1306 546 1438 587 locum
1471 548 1524 587 ita

167 616 443 672 corrigendum
472 631 558 658 esse
578 632 738 660 censeo:
767 625 825 670 ⁴et
843 611 1045 660 advocati'b
1067 633 1112 660 ea
1132 624 1201 668 est,
1230 633 1347 675 quam
1365 625 1523 676 propter

169 690 355 728 eximium
374 689 622 743 splendorem
650 697 692 730 ut
719 692 922 731 iudicem
949 697 1124 732 mutum
1143 692 1270 735 voeeri
1289 692 1523 732 debeamus.’

167 759 298 800 Unum
317 767 505 816 superest.
549 762 678 814 Quum
699 768 884 818 appareat
904 764 1005 803 enim
1033 762 1263 804 adiectivum
1292 778 1412 804 unus
1439 769 1522 804 tum

167 832 217 871 ab
235 832 420 874 Romanis
447 835 511 874 vel
539 849 629 875 cum
656 827 893 889 superlativo
922 836 1184 882 coniunctum,
1212 834 1274 875 vel
1292 836 1328 875 in
1349 835 1521 876 formulis

166 909 284 959 atque
312 907 531 955 enuntiatis,
558 920 724 962 quorum
754 906 887 947 similis
915 911 974 946 est
999 907 1198 955 sententia,
1225 908 1396 962 positum
1423 920 1521 957 esse,

167 991 288 1032 quum
316 993 455 1019 cavere
484 979 685 1027 volebant,
718 994 767 1018 ne
802 980 977 1033 legentes
1016 980 1222 1033 quicquam
1258 980 1306 1019 de
1340 980 1522 1034 plena-§t

167 1063 317 1091 summa
346 1052 382 1091 vi
410 1051 635 1106 superlativi
664 1051 928 1099 detraherent,
963 1051 1118 1091 minime
1151 1052 1291 1093 mirum
1319 1057 1395 1100 est,
1428 1051 1521 1093 illud

164 1123 458 1177 amplificandae
493 1130 533 1163 et
569 1125 770 1178 augendae
798 1125 981 1164 orationis
1010 1124 1228 1172 artificium,
1264 1125 1367 1178 quod
1403 1138 1520 1178 supra

162 1195 370 1250 attigimus,
399 1195 599 1247 permultis
626 1195 722 1236 locis
744 1195 955 1238 adhibitum
978 1201 1142 1244 esse,-et
1167 1196 1336 1236 maxime
1364 1196 1520 1251 quidem

162 1268 210 1307 ab
237 1269 283 1308 iis
312 1269 575 1322 scriptoribus,
603 1270 670 1323 qui
698 1270 833 1322 copiae
861 1268 1070 1308 verborum
1098 1268 1262 1316 multum
1291 1268 1519 1317 tribuebant,

163 1340 216 1380 ita
252 1345 296 1381 ut
328 1354 517 1396 persaepe
551 1342 795 1383 inveniantur
831 1340 938 1382 talia:
982 1354 1097 1394 ‘unus
1134 1343 1305 1382 omnium
1339 1342 1518 1396 optimus,

162 1427 264 1453 unus
290 1419 380 1468 post
406 1413 583 1454 homines
608 1419 720 1454 natos
748 1413 1122 1469 praestantissimus.'
1176 1413 1264 1465 Quo
1292 1414 1330 1453 in
1358 1413 1516 1455 artificio

162 1500 260 1540 quas
287 1485 397 1542 leges
424 1488 547 1527 secuti
575 1489 659 1535 sint,
689 1486 886 1527 rhetorum
916 1492 975 1526 est
994 1486 1200 1541 explicare,
1227 1499 1305 1526 non
1323 1500 1516 1540 gramma-

158 1559 347 1608 ticorum,
391 1560 619 1614 praesertim
662 1573 781 1614 quum
824 1558 1010 1599 eiusmodi
1052 1558 1310 1599 additamenta
1352 1557 1516 1600 multum

158 1631 391 1687 plerumque
420 1634 623 1674 conserant
650 1633 698 1673 ad
724 1633 969 1673 numerosius
997 1631 1220 1672 struendam
1248 1632 1472 1671 orationem.

265 1704 375 1745 Haec
395 1706 427 1745 si
447 1712 553 1745 recte
572 1705 865 1759 disputavimus,
893 1705 1077 1759 sequitur,
1092 1703 1345 1752 Fundanium,
1365 1705 1397 1743 si
1415 1717 1516 1744 unus

160 1768 253 1817 tunc
268 1776 460 1832 placebat,
482 1791 559 1818 non
579 1791 672 1832 prae
696 1777 835 1816 ceteris
854 1776 1057 1830 placuisse,
1077 1776 1146 1816 sed
1165 1776 1293 1816 solum
1311 1775 1516 1830 probatum

159 1861 259 1891 esse.
315 1851 367 1890 At
393 1854 587 1905 spectant,
616 1863 716 1904 quae
745 1848 931 1896 diximus,
959 1849 1075 1888 etiam
1102 1849 1151 1889 ad
1184 1848 1350 1889 alterum
1374 1847 1514 1894 ,locum

155 1936 190 1961 a.
218 1937 260 1977 p.·
278 1922 330 1962 32
354 1937 458 1978 sqq.:
1222 1963 1226 1966 ,

316 1994 526 2034 Aemilium
554 1994 657 2033 circa
683 1992 816 2032 ludum
844 1992 952 2031 faber
978 2006 1077 2032 unus
1105 1998 1144 2032 et
1171 2006 1321 2048 ungues

315 2068 508 2122 exprimet
534 2072 574 2107 et
600 2065 739 2108 molles
766 2064 976 2106 imitabitur
1004 2079 1091 2107 aere
1118 2065 1290 2121 capillos,
1333 2067 1342 2074 '

314 2140 449 2180 infelix
476 2139 606 2194 operis
633 2151 798 2186 summa,
826 2138 914 2193 quia
943 2151 1088 2192 ponere
1116 2144 1241 2179 totum

314 2212 472 2254 nesciet.

157 2285 199 2325 ln
227 2285 285 2325 his
316 2287 348 2325 si
381 2286 568 2326 retinetur
601 2283 695 2324 illud
731 2297 868 2331 unuS‚
905 2284 1010 2339 quod
1045 2284 1191 2339 primus
1226 2283 1514 2324 commendavit

155 2356 377 2406 Bentleius,
414 2357 521 2398 saber
557 2358 649 2407 iste,
691 2357 755 2412 qui
794 2356 894 2397 circa
930 2356 1138 2398 Aemilium
1175 2356 1310 2397 ludum
1345 2360 1512 2398 statuam

157 2430 327 2486 aliquam
348 2429 614 2480 fabricabatur,
637 2430 768 2478 homo,
797 2436 838 2470 ut
856 2430 1020 2479 videtur,
1047 2430 1140 2470 satis
1161 2435 1288 2478 notus,
1316 2442 1422 2469 unus·
1436 2430 1460 2469 i.
1477 2444 1509 2470 e.

132 2516 141 2525 ·
156 2503 291 2545 solus
319 2501 490 2558 capillitii
514 2503 715 2545 mollitiem
735 2517 825 2545 aere
845 2503 1025 2544 studebat
1042 2502 1191 2543 imitari.
1231 2500 1359 2541 Possit
1378 2506 1511 2561 contra
