1669 2839
814 79 874 130 52

166 197 241 248 Qui
262 198 362 237 enim
383 196 454 237 sibi
472 198 714 252 persuaserit,
745 209 822 245 eos,
851 199 916 253 qui
934 197 1095 254 singulis
1123 193 1313 236 aetatibus
1331 196 1369 236 in
1388 197 1521 252 singu-

165 269 211 309 lis
238 270 369 325 poesis
397 269 603 326 generibus
626 269 702 308 soli
729 269 880 324 probati
909 270 994 317 sint,
1022 270 1106 325 ipso
1132 269 1216 309 iure
1242 268 1343 308 inter
1355 279 1519 324 magnos

167 347 206 382 et
226 357 318 383 vere
347 343 523 397 egregios
551 346 686 395 poetas
699 342 921 382 referendos
952 356 1048 390 esse,
1075 342 1108 381 is
1135 355 1228 380 sane
1255 340 1422 389 babebit,
1449 354 1519 381 cur

167 415 216 455 de
235 414 431 454 Fundanio
453 413 652 468 praeclare
671 414 827 453 sentiat:
847 419 886 453 at
903 414 1018 462 idem,
1046 415 1077 453 si
1105 419 1283 454 constare
1310 412 1381 452 sibi
1401 413 1518 460 volet,

165 487 303 527 eodem
332 499 455 540 paene
489 485 578 525 loco
606 487 705 525 inter
732 501 903 527 summos
931 492 1066 541 poetas
1095 491 1134 526 et
1160 485 1374 526 Homerum
1401 491 1519 540 ponet

165 565 203 599 et
237 558 506 599 Claudianum.
567 557 715 597 Verum
756 574 875 613 quum
914 562 1149 613 cogitamus,
1190 558 1429 599 Fundanium
1469 571 1519 597 ne

164 632 351 672 nominari
381 630 544 684 quidem
564 629 612 668 ab
638 623 728 668 ullo
745 630 819 669 alio
848 632 1048 685 scriptore,
1076 644 1122 670 ac
1140 643 1190 669 ne
1217 643 1337 669 unum
1363 629 1518 683 quidem

166 689 249 744 eius
276 700 510 743 versiculum
552 700 677 741 adhuc
703 702 903 742 inventum
937 717 1053 751 esses
1075 702 1217 742 rectius
1258 701 1517 748 coniiciemus,

165 776 342 830 quamvis
367 774 430 813 ille
450 788 521 813 suo
541 775 578 813 in
598 787 741 828 genere
770 774 1006 821 excelluerit,
1036 775 1163 829 ipsum
1190 779 1319 813 tamen
1348 772 1423 812 boc
1450 787 1518 827 ge-

163 860 235 887 nus
264 859 342 886 non
370 846 526 886 omnino
561 846 868 886 commendabile
906 846 1034 886 fuisse.
1088 847 1216 900 Atque
1243 850 1326 885 erat
1353 844 1517 900 Augusti

163 924 292 958 aetate
320 919 497 958 scenicae
526 922 565 957 et
592 919 759 957 maxime
800 918 956 972 quidem
993 920 1167 958 comicae
1194 918 1323 971 poesis
1352 925 1396 956 ea
1425 929 1517 956 con-

163 990 274 1039 ditio,
314 995 357 1029 ut
383 989 511 1030 nullus
549 989 660 1029 facile
701 995 816 1044 poeta
851 989 1028 1029 omnibus
1055 988 1336 1045 spectatoribus
1361 987 1517 1043 placere

165 1064 361 1116 totiusque
387 1061 524 1101 theatri
553 1061 731 1115 plausum
762 1063 931 1102 excitare
959 1066 1102 1117 posset.
1148 1060 1308 1116 Equites
1334 1061 1448 1108 enim,
1476 1064 1518 1103 ut

161 1136 226 1189 qui
253 1135 342 1175 inde
362 1149 383 1174 a
404 1135 533 1189 pueris
560 1134 700 1174 lautius
728 1134 845 1174 habiti
874 1135 1171 1190 accuratiusque
1203 1134 1340 1174 eruditi
1377 1138 1516 1181 essent,
1553 1143 1555 1145 ’

158 1220 275 1246 verae
304 1212 342 1245 et
369 1207 617 1261 incorruptae
644 1207 772 1260 poesis
801 1212 984 1261 patronos
1019 1206 1196 1261 agebant,
1225 1211 1264 1246 at
1290 1219 1410 1261 quum
1438 1204 1516 1245 ele—

158 1279 286 1333 gantia
314 1279 558 1332 potissimum
586 1284 826 1332 caperentur,
856 1293 903 1318 eo
932 1279 1129 1333 paullatim
1158 1278 1445 1326 delabebantur,
1474 1284 1517 1318 ut

158 1349 240 1390 sola
270 1355 429 1390 externa
458 1350 587 1404 specie
602 1349 895 1398 delectarentur,
915 1356 954 1390 et
971 1350 1198 1391 histrionum
1228 1356 1404 1391 ornatum
1430 1349 1515 1405 plu-

156 1425 207 1463 ris
243 1425 414 1462 facerent
448 1437 565 1477 quam
599 1429 802 1477 poetarum
830 1429 951 1462 artem
981 1425 1107 1478 (epist.
1128 1424 1167 1464 ll.
1200 1427 1231 1464 1.
1259 1425 1363 1475 187):
1405 1423 1515 1477 plebs

157 1509 201 1535 ea
231 1496 399 1534 maxime
426 1493 613 1548 probasse
647 1494 816 1542 videtur,
859 1509 957 1548 quae
995 1494 1154 1535 humilia
1196 1501 1324 1536 essent
1358 1497 1514 1549 suisque

156 1567 327 1607 moribus
355 1566 659 1613 accommodata,
686 1567 737 1605 ita
758 1572 800 1606 ut
818 1568 969 1621 pugiles
998 1573 1036 1607 et
1064 1582 1196 1608 ursum
1225 1583 1389 1623 poscere
1416 1568 1513 1607 mal·

155 1639 218 1688 let,
248 1653 365 1693 quam
404 1639 594 1693 patienter
621 1637 753 1677 audire
789 1651 850 1686 ea,
894 1653 994 1694 quae
1036 1654 1271 1695 magnopere
1309 1639 1512 1694 placebant

153 1711 346 1751 nobilibus
377 1710 476 1760 (ibid.
508 1711 608 1761 185).
664 1709 804 1765 Neque
838 1713 950 1751 nimis
978 1713 1118 1752 mirum
1155 1712 1267 1752 nobis
1308 1713 1512 1761 videbitur,

153 1782 370 1823 Romanam
387 1781 559 1836 plebem,
587 1796 698 1837 quae,
725 1788 876 1836 patrum
911 1789 949 1823 et
975 1798 1138 1824 avorum
1160 1784 1339 1839 exempla
1367 1789 1511 1834 secuta,

153 1857 354 1895 etiamtum
370 1854 630 1894 admirabatur
645 1854 871 1894 Terentium
888 1861 926 1895 et
939 1856 1107 1896 Statium
1123 1858 1248 1911 (epist.
1262 1855 1303 1896 Il.
1319 1857 1349 1895 l.
1364 1858 1512 1910 59.sq.),

149 1928 188 1967 in
216 1927 327 1966 novis
355 1927 481 1981 poetis
510 1926 774 1966 existimandis
802 1931 852 1966 ita
881 1941 901 1967 a
924 1928 1081 1982 pristina
1108 1927 1301 1969 iudicandi
1328 1926 1511 1968 facultate

151 1998 427 2052 degenerasse,
457 1999 667 2037 dummodo
689 2000 996 2047 meminerimus,
1026 2000 1235 2054 plerosque
1263 2013 1416 2047 eorum,
1445 2001 1510 2054 qui

151 2074 243 2109 tunc
258 2083 461 2124 perperam
489 2069 721 2118 iudicabant,
749 2071 848 2110 inter
866 2071 948 2125 ipsa
965 2070 1064 2111 bella
1084 2070 1212 2111 civilia
1240 2076 1352 2111 natos
1372 2072 1509 2111 fuisse:

147 2142 265 2182 iidem
293 2147 424 2181 autem
451 2141 628 2181 homines
656 2144 759 2197 quod
781 2142 995 2199 Vergilium
1020 2145 1058 2183 in
1077 2144 1229 2184 theatro
1248 2143 1508 2184 venerabundi

150 2213 363 2253 salutarunt
392 2212 493 2264 (dial.
522 2213 569 2253 de
598 2219 694 2253 orat.
717 2215 778 2266 13)
811 2221 849 2255 et
879 2215 1081 2256 Horatium
1109 2221 1419 2271 praetereuntem
1450 2215 1509 2255 di-

149 2284 229 2336 gito
244 2285 510 2324 monstrabant
522 2287 655 2335 (carm.
666 2285 730 2325 lv.
747 2287 783 2326 3.
801 2288 877 2338 22),
894 2288 931 2327 id
945 2288 1048 2327 haud
1062 2290 1143 2328 scio
1159 2303 1206 2328 an
1220 2288 1309 2328 inde
1324 2287 1507 2340 explicari

149 2353 301 2402 debeat,
329 2357 431 2409 quod
459 2355 560 2396 solet
587 2355 699 2411 plebs
717 2358 912 2407 nonnull'a,
940 2374 1040 2414 quae
1069 2374 1183 2415 supra
1213 2375 1255 2400 se
1276 2360 1401 2414 posita
1421 2373 1506 2399 esse

144 2428 273 2473 sentit,
303 2440 418 2467 caeca
446 2431 612 2483 quadam
642 2432 890 2470 veneratione
917 2433 1111 2486 prosequi,
1140 2434 1188 2472 de
1206 2434 1253 2471 iis
1274 2444 1377 2478 vero,
1407 2445 1506 2485 quae

141 2505 279 2539 natura
311 2513 380 2538 sua
401 2501 596 2553 popularia
623 2508 724 2551 sunt,
752 2503 895 2542 iudicat
913 2504 1008 2556 ipsa.
1051 2502 1127 2553 Qui
1147 2503 1262 2543 medii
1282 2508 1390 2543 erant
1407 2505 1507 2551 inter
