1669 2839
782 72 843 140 ³25

229 243 232 245 >
297 210 487 252 scribendi
514 214 630 255 reete,
657 222 756 249 nam·
773 214 815 247 ut
841 207 1016 254 multum,
1043 207 1095 249 nil
1123 220 1262 245 moror.
1291 222 1382 247 ecce

299 281 725 346 Crispiannumero
752 293 815 319 me
841 283 1044 333 provocat:
1073 278 1244 331 ιΑοειὶΡετ,
1273 278 1303 316 si
1330 280 1398 325 vis,

297 353 483 406 accipiam
509 349 670 398 tabulas,
698 351 810 390 detur
836 350 945 390 nobis
971 350 1092 398 locus,
1110 349 1226 396 hora,

298 423 496 463 custodes:
523 422 722 464 videamus
748 427 833 461 uter
860 423 945 476 plus
973 421 1139 462 scribere
1166 421 1311 475 possit.'

142 494 346 533 Numero
373 493 474 531 enim
492 505 685 540 versuum,
712 506 789 532 non
815 492 984 532 bonitate
1002 492 1064 531 ille
1083 507 1124 532 se
1142 492 1379 546 superiorem
1400 492 1481 530 sore

140 564 331 619 sperabat.

250 636 319 675 His
360 635 574 689 explicatis,
611 635 745 674 redeat
773 636 912 682 oratio,
954 636 1056 675 unde
1097 634 1267 688 digressa
1300 641 1369 674 est.
1430 636 1482 675 Ut

144 706 254 759 multi
278 708 317 747 in
344 708 468 747 satiris
495 706 572 746 loci
599 710 705 754 sunt,
738 720 760 745 e
787 706 925 760 quibus
952 706 1188 760 intelligitur,
1229 720 1344 760 quam
1371 720 1482 759 prae-

143 777 244 817 clare
272 779 410 818 comici
437 783 575 832 poetae
603 790 741 816 munus
768 779 865 817 tueri
893 779 1059 832 potuerit
1077 776 1272 824 Horatius,
1295 779 1350 818 ita
1368 778 1482 818 etiam

143 848 314 902 epistolis
341 848 523 888 nonnulla
549 849 765 898 immiscuit,
794 863 893 904 quae
920 863 1039 903 prope
1066 849 1203 888 absunt
1222 863 1244 888 a
1270 849 1482 897 comoedia,

143 922 329 974 artisque,
363 921 412 961 ad
440 934 555 974 quam
582 921 733 960 videtur
758 927 872 960 natus
898 922 1098 975 factusque
1124 922 1258 968 fuisse,
1294 923 1481 961 exercita-

141 992 284 1031 tionem
310 1005 359 1031 ne
386 992 424 1030 in
452 991 683 1030 carminibus
710 992 863 1046 quidem
889 992 1003 1046 plane
1035 994 1174 1032 omisit.
1227 991 1318 1030 Eius
1346 992 1402 1031 rei
1427 992 1482 1031 in-

142 1064 251 1117 signe
277 1063 501 1117 exemplum
529 1069 588 1102 est
615 1077 770 1103 carmen
795 1065 908 1117 primi
934 1065 1019 1104 libri
1041 1064 1201 1112 XXVII,
1229 1064 1333 1117 quod
1360 1069 1483 1102 totum

141 1135 177 1173 in
206 1135 357 1174 actione
385 1140 578 1182 versatur,
615 1135 668 1174 ita
695 1141 738 1175 ut
763 1150 813 1175 ne
847 1135 1007 1190 intelligi
1040 1136 1195 1190 quidem
1234 1135 1372 1189 possit,
1411 1136 1483 1176 nisi

141 1206 239 1243 inter
265 1205 473 1259 legendum
500 1219 521 1244 e
547 1205 644 1244 libro
672 1207 710 1244 in
737 1219 893 1245 scenam
933 1208 1192 1246 transferatur.
1249 1205 1431 1246 Similiter
1459 1219 1481 1244 a

141 1276 335 1316 veteribus
363 1276 409 1315 de
437 1290 483 1316 eo
511 1278 696 1325 carmine,
732 1291 809 1331 quo
837 1292 925 1317 cum
953 1278 1092 1317 Barine
1121 1276 1341 1330 expostulat
1365 1283 1482 1331 poeta

142 1345 278 1397 (11.8),
318 1347 527 1389 iudicatum
555 1361 658 1395 esse,
696 1348 824 1388 Acron
860 1353 898 1387 et
933 1348 1174 1403 Cruquianus
1202 1352 1482 1387 commentator

143 1419 301 1466 docent,
342 1420 408 1473 qui
444 1420 571 1472 ipsum
606 1420 783 1460 carminis
822 1421 971 1460 initium
1012 1419 1235 1468 ‘scenicum'
1278 1418 1481 1472 appellant,

143 1489 324 1542 quoniam
349 1489 591 1543 intelligatur,
623 1492 880 1545 praecessisse
915 1491 1062 1544 aliquos
1090 1503 1304 1537 sermoneS,
1344 1490 1482 1544 quibus

141 1566 295 1600 noctem
314 1562 349 1599 ei
366 1560 508 1599 Barine
535 1562 778 1602 iureiurando
805 1563 1032 1616 promiserit.
1078 1561 1226 1601 Eodem
1253 1564 1367 1600 etiam
1395 1562 1481 1601 ulti—

141 1644 246 1671 mum
273 1632 384 1686 primi
410 1632 496 1672 libri
523 1646 680 1674 carmen
705 1633 947 1674 referendum
977 1637 1045 1681 est,
1070 1646 1147 1686 quo
1175 1618 1338 1686 puerum
1362 1635 1481 1674 cursi-

142 1708 286 1744 tantem
315 1709 354 1742 et
379 1705 545 1757 augendi
584 1711 740 1744 ornatus
781 1719 896 1745 causa
935 1705 1119 1744 latentem
1154 1704 1320 1757 aliquam
1354 1720 1482 1745 rosam

142 1774 254 1818 anxie
276 1780 523 1830 quaerentem
551 1775 785 1831 adloquitur:
814 1790 936 1831 eaque
964 1789 1052 1816 eum
1076 1776 1274 1816 comoedia
1304 1778 1480 1832 cognatio

141 1848 179 1887 in
206 1847 281 1887 hoc
307 1847 461 1901 quidem
488 1850 683 1901 poematio
709 1863 756 1889 eo
783 1851 937 1889 maioris
972 1850 1156 1888 momenti
1184 1854 1258 1894 est,
1299 1850 1480 1901 quoniam

141 1932 239 1958 unus
267 1920 348 1959 eius
375 1933 523 1967 versus,
548 1933 569 1959 a
597 1923 762 1968 nemine,
788 1928 830 1961 ut
855 1923 979 1961 dicam
1007 1919 1109 1973 quod
1136 1919 1270 1965 sentio,
1302 1918 1479 1972 probabi-

139 1989 224 2030 liter
242 1995 308 2029 aut
326 1990 539 2043 explicatus
565 1996 630 2029 aut
657 1991 891 2038 emendatus,
920 1996 1033 2044 gestu
1054 1990 1102 2029 ad
1128 1990 1480 2043 interpretationem

140 2060 317 2108 adhibito,
344 2074 395 2100 ne
421 2060 582 2101 difficilis
618 2062 773 2115 quidem
798 2063 961 2102 videtur.
1016 2061 1146 2102 Altera
1183 2062 1299 2116 igitur
1325 2061 1481 2116 stropha

141 2132 195 2171 sic
223 2133 363 2185 scripta
392 2137 452 2172 est
476 2133 515 2172 in
541 2133 650 2172 libris
675 2135 725 2182 (v.
753 2135 788 2172 5.
818 2137 934 2188 sqq.):

382 2204 546 2258 simplici
571 2210 696 2256 myrto
724 2205 817 2245 nihil
844 2205 1046 2245 adlabores

382 2276 539 2315 sedulus
567 2290 683 2315 curo:
711 2291 838 2330 neque
866 2283 903 2317 te
929 2279 1143 2317 ministrum

384 2347 548 2388 dedecet
571 2352 721 2401 myrtus
747 2361 873 2404 neque
901 2362 964 2389 me
991 2348 1060 2388 sub
1089 2352 1170 2388 arta

385 2422 463 2460 vite
490 2421 692 2461 bibentem.

140 2491 342 2535 Dubitavit
363 2492 410 2534 de
436 2494 645 2548 scripturae
673 2493 835 2545 veritate
853 2494 1007 2548 primus,
1034 2498 1219 2548 q‘uantum
1244 2494 1335 2541 scio,
1361 2492 1481 2532 Bent—
