1669 2839
814 104 869 147 13

162 215 303 253 Teum!
331 213 421 253 olim
458 215 512 255 sic
540 213 679 266 scripta
722 214 836 252 fuisse
870 214 989 268 ‘apud
1021 213 1217 257 Hennam.'
1271 213 1401 265 ltaque
1431 214 1500 252 nisi

141 285 246 338 'quis
277 284 452 325 licentius
487 286 716 324 coniecturis
749 286 945 341 indulgere
980 284 1088 331 velit,
1127 297 1172 322 ea
1205 283 1308 331 libris
1335 287 1502 338 optimae

161 362 274 396 notae
302 356 395 397 fides
423 356 597 396 habenda
617 355 697 404 erit,
727 361 768 396 ut
787 358 956 397 neutrius
976 355 1203 397 Nicomachi
1230 369 1386 410 operam
1415 357 1500 411 plus

162 443 276 482 quam
306 435 435 469 ternos
461 429 578 468 libros
606 426 848 483 complexam
873 444 961 468 esse
996 434 1268 483 agnoscamus:
1310 435 1425 483 atque
1454 444 1501 467 ne

161 499 266 539 illam
288 500 442 554 quidem
464 501 577 539 trium
596 500 780 539 librorum
801 500 1107 538 emendationem
1131 514 1206 539 uno
1228 500 1336 553 quasi
1354 500 1501 552 impetu

162 572 336 629 Videntur
356 574 574 627 perfecisse,
603 565 726 625 quum
740 570 836 610 alter
852 571 899 609 ad
921 584 1037 609 unum
1062 570 1201 610 librum
1220 572 1501 611 emendandum

162 644 329 697 parentis
358 645 414 682 sui
444 644 618 688 codicem
647 642 878 689 adhibuerit,
907 642 954 680 ad
977 641 1144 695 reliquos
1171 655 1247 681 non
1275 643 1378 689 item,
1401 643 1500 682 alter

104 746 111 756 .
163 728 280 753 unum
309 715 466 762 librum,
505 715 535 752 si
564 719 668 752 recte
697 713 968 759 divinavimus‚
1006 713 1106 766 apud
1148 713 1301 760 urbem,
1336 713 1502 765 reliquos

162 787 260 826 duos
287 788 323 826 in
352 786 480 827 Sicilia
509 785 729 827 correxerit.

196 874 208 885 ·
268 857 377 907 Quae
405 871 523 911 quum
551 857 601 895 ita
630 858 722 903 sint,
756 870 832 895 non
862 862 920 895 est
948 871 1015 896 cur
1042 858 1241 903 miremur,
1271 856 1501 895 Mavortium

161 929 263 968 idem
291 930 445 976 secisse,
480 929 583 982 quod
618 929 761 969 sactum
796 928 960 967 vidimus
988 927 1034 966 ab
1066 928 1282 982 Aproniano
1311 941 1356 966 ac
1383 925 1501 965 Nico-

163 1001 319 1051 machis,
347 1014 471 1053 neque
500 1001 702 1053 quisquam
740 1013 876 1038 causas
901 989 1080 1053 indagare
1109 998 1224 1045 volet,
1253 1012 1321 1037 cur
1345 997 1396 1037 illi
1425 1004 1502 1036 tam

162 1072 262 1110 lente
295 1072 571 1109 festinaverint:
601 1076 762 1124 possunt
777 1071 878 1109 enim
906 1069 1036 1123 plures
1064 1071 1291 1124 excogitari,
1320 1085 1434 1123 quam
1464 1076 1504 1109 ut

163 1141 237 1180 ulla
279 1142 462 1195 imprimis
509 1141 715 1194 probabilis
754 1141 940 1180 videatur.
1014 1140 1108 1179 lllud
1150 1142 1277 1194 potius
1318 1156 1503 1195 quaeren-

163 1213 253 1252 dum
274 1214 355 1259 erit,
383 1218 539 1266 quotam
558 1213 620 1252 ille
641 1213 835 1252 Horatiani
862 1211 1063 1251 voluminis
1090 1217 1237 1265 partem
1265 1227 1504 1268 recognove-

162 1284 219 1323 rit.
264 1285 388 1337 Atque
416 1283 568 1323 illorum
597 1284 835 1330 sententiam,
865 1283 928 1336 qui
955 1282 1073 1335 lyrica
1102 1284 1270 1323 carmina
1298 1283 1390 1322 illud
1413 1298 1504 1323 exa-

164 1370 252 1396 men
280 1354 442 1394 subiisse
470 1361 654 1403 statuunt,
680 1356 804 1394 minus
820 1354 908 1393 mihi
924 1354 1089 1408 probari,
1117 1368 1230 1408 supra
1252 1369 1273 1394 a
1300 1370 1361 1394 me
1389 1357 1503 1409 signi-

163 1427 317 1467 ficatum
345 1432 420 1466 est:
449 1440 517 1466 cur
544 1428 595 1465 ita
624 1428 786 1465 sentiam
815 1430 854 1465 et
881 1426 979 1479 quid>
999 1426 1160 1478 probem
1176 1428 1268 1479 ipse,
1298 1432 1339 1464 ut
1356 1427 1504 1480 plenius

162 1497 413 1552 intelligatur,
449 1498 497 1537 de
526 1498 657 1537 ordine
685 1498 890 1537 dicendum
918 1502 993 1544 est,
1030 1512 1106 1551 quo
1134 1497 1283 1537 Horatii
1322 1497 1505 1551 opuscula

162 1572 200 1609 in
220 1569 464 1608 Mavortianis
491 1568 594 1607 libris
621 1561 717 1607 sunt*
737 1569 930 1622 disposita.
973 1568 1149 1618 Quorum
1168 1570 1232 1622 qui
1259 1570 1507 1623 antiquissimi

110 1644 121 1689 j
163 1646 262 1687 sunt,
291 1640 367 1679 duo
394 1639 446 1678 illi
469 1639 629 1678 Bentleii
657 1644 695 1677 et
721 1637 1005 1692 Vanderburgii
1031 1640 1116 1678 cod.
1138 1639 1181 1686 E,
1209 1641 1308 1679 iniis
1328 1645 1506 1679 constan-

163 1716 222 1752 ter
248 1710 309 1750 hic
338 1710 431 1749 ordo
453 1715 638 1758 servatur,
679 1715 720 1749 ut
746 1711 871 1764 primo
899 1709 987 1749 loco
1017 1711 1225 1750 carminum
1254 1711 1338 1750 libri
1359 1709 1407 1749 lV
1437 1724 1506 1764 po-

163 1788 311 1830 nantur,
347 1788 528 1835 sequatur
555 1796 616 1821 ars
645 1782 807 1836 poetica,
843 1782 929 1821 dein
958 1782 1070 1836 epodi
1100 1797 1188 1822 cum
1216 1782 1505 1837 subscriptione,

164 1853 337 1894 carmen·
351 1853 537 1901 seculare,
579 1851 763 1907 epistolae
791 1852 954 1910 denique
983 1867 1028 1893 ac
1057 1855 1207 1894 satirae.
1259 1853 1298 1893 In
1328 1853 1504 1893 Gothano

162 1925 259 1965 libro
280 1930 397 1982 etffars
416 1925 566 1978 poetica
587 1925 726 1963 omissa
746 1929 804 1963 est
831 1923 878 1962 ab
898 1924 1018 1964 altero
1052 1925 1213 1971 librario,
1243 1925 1384 1978 quippe
1408 1938 1506 1977 quae

163 1981 393 2036 carminibus
421 2008 497 2034 non
525 1999 612 2047 apte
639 1994 859 2046 interposita
888 1994 1091 2042 videretur,
1121 2000 1159 2034 et
1186 1996 1325 2034 satirae
1352 2009 1510 2049 praecc-

163 2068 258 2106 dunt
272 2064 464 2120 epistolas,
482 2063 521 2103 id
540 2063 644 2117 quod
667 2063 829 2103 alterum
845 2078 889 2103 ea
905 2064 953 2104 de
973 2079 1089 2105 causa
1113 2067 1320 2106 instituisse
1334 2067 1504 2106 credide-

163 2139 245 2186 rim,
280 2137 383 2191 quod
410 2149 454 2174 ea
481 2134 599 2173 libros
627 2134 853 2189 disponendi
881 2137 997 2184 ratio,
1026 2152 1140 2190 quam
1169 2153 1271 2178 nunc
1301 2140 1507 2191 sequimur,

162 2211 239 2249 iam
265 2207 330 2248 illo
360 2213 534 2260 tempore
562 2207 600 2245 in
629 2207 947 2247 consuetudinem
986 2215 1154 2248 venerat.
1208 2209 1247 2249 ln
1276 2214 1381 2248 tanto
1412 2211 1511 2248 anti-

164 2282 434 2336 quissimorum
475 2279 650 2319 codicum
693 2292 883 2319 consensu
918 2281 981 2319 vix
1009 2281 1157 2320 videtur
1193 2280 1354 2321 dubitari
1383 2296 1508 2336 posse,

164 2354 255 2407 quin
269 2354 306 2392 in
326 2365 372 2391 eo
393 2350 616 2404 exemplari,
645 2351 748 2403 quod
777 2352 995 2391 emendavit
1017 2352 1237 2399 Mavortius,
1267 2354 1402 2393 eadem
1433 2356 1506 2393 dis-

163 2425 301 2479 positio
331 2423 460 2462 fuerit:
490 2436 615 2476 neque
631 2426 759 2461 tamen
776 2423 948 2472 dixerim,
976 2425 1102 2477 ipsum
1131 2424 1317 2478 opuscula
1338 2427 1387 2465 ita
1410 2426 1508 2465 ordi-

164 2509 293 2542 nasse,
334 2496 410 2534 imo
452 2508 570 2548 quum
598 2493 659 2533 alii
694 2496 808 2534 etiam
837 2496 927 2535 satis
963 2496 1105 2549 antiqui
1141 2495 1242 2543 libri,
1277 2498 1340 2550 qui
1375 2503 1506 2537 carent
