1669 2839
809 114 865 156 16

171 222 301 275 ltaque
330 236 429 275 quae
458 221 599 277 legenti
629 229 767 276 sponte
795 224 990 264 suboritur
1009 225 1195 278 suspicio,
1222 225 1325 264 illam
1359 228 1516 267 adnota-

170 293 314 332 tionem
336 306 411 332 non
432 294 480 333 ad
501 295 685 348 privatam
706 295 817 333 unius
835 295 999 336 hominis
1024 297 1141 335 vitam
1162 297 1400 336 referendam
1421 311 1518 344 esse,

170 364 236 402 sed
267 378 351 403 eam
373 365 423 403 ibi
443 366 628 403 rationem
657 365 832 413 describi,
861 380 935 420 qua
965 380 1119 407 carmen
1140 366 1229 405 olim
1252 368 1288 405 in
1309 368 1400 421 ipsis
1417 367 1517 405 ludis

170 435 407 475 secularibus
435 440 628 474 cantatum
660 436 787 484 fuerit,
826 437 1028 477 videndum
1058 438 1137 489 erit,
1155 452 1204 478 ne
1234 438 1429 478 verissima
1457 438 1517 478 sit.

170 509 227 546 Ac
256 507 346 545 mihi
376 506 531 559 quidem
562 511 637 545 tres
667 509 843 546 carminis
870 509 1137 562 inscriptiones
1164 510 1262 548 inter
1281 523 1322 548 se
1342 510 1517 548 diversae

168 577 215 616 ab
247 578 426 631 imperito
458 577 616 617 'librario
658 579 708 617 ita
737 580 773 617 in
814 593 928 619 unam
968 579 1147 619 videntur
1188 581 1376 620 conflatae
1418 594 1515 627 esse,

170 654 210 686 ut
237 662 336 699 quae
376 648 549 701 singulae
589 649 800 687 rectissime
829 663 871 688 se
905 649 1063 697 liabent,
1106 656 1248 689 temere
1290 652 1517 690 coniunctae

169 733 295 772 neque
323 723 428 758 recte
464 718 695 757 cohaereant
729 734 855 774 neque
890 720 1128 775 probabilem
1161 720 1326 760 efficiant
1362 727 1515 762 senten-

169 792 271 829 tiam.
326 789 492 829 Primam
535 789 664 838 (liceat
704 790 978 845 aliquantisper
1014 805 1195 831 cancrum
1224 794 1376 843 imitari)
1416 793 1515 831 hanc

169 875 289 914 pono:
338 862 415 914 ‘Ad
460 861 675 915 Apollinem
717 868 756 902 et
788 862 953 903 Dianam
991 864 1234 918 proseuctice
1272 863 1515 913 tetracolos'3

169 934 288 971 altera
317 933 414 972 haec
442 934 530 971 fuit:
573 933 648 985 ‘Ad
677 934 839 973 eliorum
868 949 1074 988 puerorum
1117 934 1425 989 puellarumque'
1455 934 1516 974 vel

168 1003 319 1057 ‘Incipit
348 1017 505 1043 carmen
533 1003 707 1043 seculare
735 1005 781 1044 ad
811 1004 871 1045 ch.
899 1020 934 1060 p.
965 1006 1012 1060 p.'
1059 1004 1099 1045 ln
1127 1019 1201 1060 qua
1230 1004 1515 1058 interpretanda

168 1076 330 1115 dubitari
347 1077 470 1129 possit
485 1090 532 1114 an
546 1077 837 1128 provocandum
853 1079 901 1116 sit
920 1077 967 1116 ad
981 1077 1298 1130 Porphyrionem,
1325 1077 1389 1129 qui
1409 1081 1515 1115 octa-

169 1161 257 1186 vam
278 1146 435 1188 secundi
458 1145 541 1185 libri
564 1146 729 1195 satiram,
758 1161 832 1201 qua
851 1147 1073 1187 Fundanius
1101 1148 1149 1187 de
1171 1146 1367 1187 Nasidieni
1394 1159 1514 1186 coena

166 1220 550 1273 loquensinducitur,
580 1220 651 1271 ‘ad
681 1220 938 1259 Fundanium'
967 1221 1149 1272 scriptam
1177 1221 1283 1266 dicit,
1318 1219 1422 1272 quod
1449 1224 1515 1258 aut

166 1290 279 1345 plane
299 1303 524 1345 perversum
554 1295 622 1339 est,
651 1297 717 1329 aut
745 1290 1009 1330 demonstrare
1041 1289 1201 1337 videtur,
1222 1288 1316 1329 illud
1347 1303 1514 1338 carmen,

167 1364 205 1401 in
234 1376 311 1414 quo
353 1362 494 1400 chorus
536 1375 678 1399 canens
719 1363 1006 1414 quodammodo
1041 1363 1259 1407 inducatur,
1300 1375 1416 1413 posse
1443 1362 1514 1413 ‘ad

168 1432 346 1473 chorum’
374 1430 539 1471 inscribi.
579 1430 687 1471 Haec
715 1437 842 1471 tamen
871 1433 966 1472 ratio
996 1432 1207 1472 contortior
1234 1437 1302 1480 est,
1331 1445 1446 1486 quam
1473 1437 1516 1471 ut

168 1518 243 1543 uno
273 1504 452 1557 exemplo
482 1505 574 1542 satis
601 1504 791 1542 firmetur:
819 1505 890 1542 erit
917 1506 1032 1556 igitur
1050 1505 1087 1542 in
1107 1504 1396 1557 simplicissimis
1424 1502 1514 1542 sub-

167 1575 398 1614 sistendum:
426 1573 600 1614 seculare
630 1575 731 1614 enim
760 1587 915 1613 carmen
944 1579 986 1615 ut
1014 1575 1197 1629 scriptum
1226 1575 1294 1614 suit
1321 1574 1370 1614 ad
1395 1573 1514 1628 Apol-

166 1647 282 1686 linem
309 1652 347 1686 et
366 1646 542 1694 Dianam,
571 1647 622 1685 ita
652 1647 783 1685 datum
809 1659 855 1685 ac
877 1646 1036 1684 missum
1052 1652 1110 1685 est
1138 1647 1203 1699 ‘ad
1232 1646 1391 1686 chorum
1418 1660 1514 1700 pue-

167 1732 298 1758 rorum
316 1718 631 1772 puellarumque.’
673 1718 784 1768 Quae
805 1723 1011 1771 supersunt
1029 1719 1079 1756 ita
1100 1718 1337 1758 emendanda
1353 1731 1512 1757 censeo:

168 1789 318 1843 ‘Incipit
345 1803 501 1829 carmen
529 1790 721 1836 seculare,
751 1789 851 1842 quod
890 1789 1042 1841 patrimi
1077 1795 1115 1827 et
1143 1790 1306 1828 matrimi
1334 1779 1517 1828 cantavess

167 1865 292 1899 runt':
336 1861 407 1899 nisi
437 1861 556 1907 malis,
583 1874 682 1914 quae
711 1865 770 1899 est
805 1859 992 1899 eiusmodi
1020 1859 1271 1898 formularum
1305 1859 1515 1913 prolixitaS,

166 1937 319 1987 praeter
351 1933 537 1986 patrimos
573 1936 611 1970 et
644 1931 843 1970 matrimos
884 1931 999 1969 etiam
1039 1931 1220 1984 patrimas
1256 1936 1293 1970 et
1318 1931 1514 1970 matrimas

166 2008 489 2042 commemoratas
524 2003 652 2040 fuisse.
707 2001 825 2039 Teste
854 2002 884 2039 si
913 2015 1010 2052 opus
1047 2002 1195 2040 videtur
1222 2003 1260 2040 in
1286 2001 1360 2040 hac
1387 2015 1514 2049 causa,

165 2074 346 2114 Zosimus
387 2072 614 2112 excitandus
651 2078 727 2119 est,
770 2072 835 2125 qui
874 2070 959 2110 hist.
1003 2069 1045 2109 ll.
1072 2070 1108 2109 5.
1153 2071 1200 2109 12
1241 2070 1337 2111 haec
1381 2070 1512 2111 habet:

164 2144 295 2201 ἡμέρᾳ
330 2146 376 2187 δὲ
408 2142 522 2198 τρίτῃ
553 2141 597 2183 ἓν
623 2146 680 2197 τῷ
704 2142 806 2183 κατὰ
831 2142 878 2183 τὸ
911 2140 1115 2183 παλάτιον
1132 2139 1394 2191 Ἀπόλλωνος
1420 2141 1516 2197 ἱερῷ

166 2219 249 2272 τρὶς
277 2218 392 2260 ε’ννέα
428 2218 575 2266 παῖδες
602 2216 816 2270 ἐπιφανεῖς
842 2215 944 2267 μετὰ
971 2214 1446 2269 παρθένωντοσούτων,
1475 2213 1514 2256 οἱ

167 2289 315 2339 πάντες
357 2289 630 2344 ἀμφιθαλεῖς,
669 2287 770 2342 ὅπερ
812 2288 919 2329 ἐστὶν
959 2285 1216 2342 ἀμφοτέρους
1253 2287 1349 2337 τούς
1375 2290 1516 2340 -γονεῖς

166 2361 321 2412 ἐὸεοντες
348 2360 583 2416 περιόντας,
611 2360 760 2411 ὕμνους
786 2356 934 2414 ᾄδουσι
959 2377 994 2400 κ.
1021 2375 1055 2400 τ.
1078 2361 1132 2399 λ.;
1166 2360 1324 2412 eiusque
1354 2359 1468 2397 moris
1483 2360 1512 2397 si

164 2435 439 2489 grammaticus
466 2433 601 2487 aliquis
629 2430 692 2470 vel
719 2431 893 2470 librarius
919 2432 958 2470 in
977 2432 1059 2485 ipso
1080 2431 1256 2470 carminis
1276 2429 1385 2467 titulo
1406 2443 1513 2468 men*

165 2509 309 2547 tionem
339 2506 438 2551 fecit,
467 2506 547 2543 eius
567 2510 605 2542 et
633 2504 845 2544 doctrinam
875 2502 1113 2541 laudabimus
1142 2507 1180 2539 et
1206 2494 1408 2539 'consilium
1437 2514 1511 2540 non
