1669 2839
751 24 756 29 ’
791 60 807 83 -·
827 51 921 107 m

200 205 201 208 ,
232 203 234 205 ,
270 203 272 205 .
295 163 400 206 Pos‘t
411 165 569 222 tongam
591 164 815 221 Damippi
840 162 1546 221 disputationemquumsmaneatflo·

203 237 323 283 ratius
354 239 392 279 in
420 252 466 285 ea
493 238 698 288 sententia,
736 243 779 279 ut
796 231 853 280 se'
872 238 1246 293 sanumrexistimet,
1263 237 1544 282 -‚.uno·<tandem

204 313 360 367 Agaues
374 311 564 373 exemplo,
586 325 664 366 quo
680 313 775 352 scite
794 312 913 373 utitur
923 310 1096 363 Stoicus,
1109 312 1162 355 ita
1181 310 1555 361 depatatudeiieitnr,

204 388 248 425 ut
273 385 493 426 victumae
517 374 739 444 >adversario
762 384 999 438 *confiteatur
1024 383 1082 426 his
1109 383 1283 438 versibus
1311 383 1404 437 (305
1422 387 1545 440 sqq.):

307 456 466 504 shiltum
492 471 556 497 me
572 457 716 506 ‚fatena
743 457 857 499 liceat
883 456 1098 517 concedere
1124 457 1237 505 veris,
1257 484 1259 487 .
1283 505 1286 507 ,
1334 496 1336 503 x

310 535 426 586 atque
453 530 569 572 etiam
591 531 790 579 insanum3
817 535 966 572 tantum
991 521 1071 570 hoev
1093 530 1273 579 edissere,
1302 542 1378 585 quo
1406 543 1469 573 me

309 607 513 658 aegrotare
537 607 650 657 putes
675 602 790 643 animi
816 600 937 642 vitio?

204 673 269 715 De
293 673 352 714 his
368 674 587 730 ‘autplane
629 679 769 720 tacent>
795 675 1063 732 interpretes„
1083 687 1180 730 quos
1215 674 1417 729 consulere
1446 673 1545 714 mihi

203 745 327 796 licuit,
360 752 428 787 aut
452 747 492 787 id
514 761 609 787 non·
624 747 831 803 attingunt,
865 747 1120 802 quodsolum
1147 746 1297 789 difficile
1323 747 1474 802 videtur
1498 746 1548 787 ad

203 819 541 875 interpretandum.
596 819 671 871 Qui
703 820 805 861 enim
830 820 912 860 sive
938 821 1110 868 facturus
1134 820 1278 875 aliquid
1294 827 1296 830 '
1312 821 1394 861 sive
1423 820 1548 862 dictu·

204 905 270 932 rus
310 891 371 932 vei
415 897 540 947 optat.
569 892 646 932 vel<
671 898 868 947 precatur,
914 898 956 932 ut
993 893 1032 933 id
1066 892 1136 936 sibi
1158 886 1415 933 -liceatsis
1452 891 1546 932 alio·

203 953 290 1005 rum
316 964 472 1019 veniam.
494 964 566 1005 sibi
605 964 861 1019 expetendam
896 970 1037 1005 censet.
1089 963 1130 1004 Id
1155 978 1274 1019 quum
1306 969 1463 1004 certum!
1487 964 1546 1012 sit,

203 1050 281 1077 non
319 1032 448 1084 video,
501 1050 616 1091 quam
658 1036 803 1091 primus
843 1050 979 1077 eorum
1023 1051 1224 1086 versuum,
1274 1023 1373 1091 quos
1398 1037 1546 1077 exscri-

204 1109 369 1164 psimus,
408 1108 705 1163 explicationem
741 1108 895 1150 hab-eat.
937 1108 1045 1160 Quis
1079 1111 1179 1150 enim
1213 1115 1273 1150 est
1297 1110 1377 1157 ille,
1419 1123 1545 1164 aquo

205 1181 481 1235 veniampetit
507 1179 718 1231 Horatius?
749 1179 1039 1236 Damasippus?
1078 1187 1117 1221 at
1147 1181 1199 1222 illi
1221 1182 1382 1236 <quidem
1409 1181 1546 1223 adsen⁴

203 1255 303 1303 titur,
331 1267 456 1308 neque
484 1253 653 1293 solemus
680 1254 831 1293 veniam
859 1254 1032 1307 praefari,
1056 1254 1128 1294 nisi
1147 1240 1264 1308 quum
1287 1254 1543 1294 dissentimus.

204 1327 264 1366 An
302 1325 524 1374 credemu8‚
560 1324 709 1366 Horatii
749 1332 917 1374 mentem
957 1330 1086 1366 rectae
1126 1328 1281 1373 rationis
1323 1326 1547 1382 participem

204 1413 294 1440 cum
316 1413 364 1439 *ea
393 1400 508 1440 animi
535 1404 643 1454 parte
670 1404 823 1453 pactam
848 1399 1133 1453 quodammodo
1151 1414 1257 1450 -esse,
1290 1415 1399 1455 quae,
1427 1413 1545 1454 quum

203 1472 349 1511 ratione
376 1476 523 1518 careat,
559 1484 675 1525 aegre
703 1483 749 1509 eo
777 1470 1013 1523 perducitur,
1050 1476 1092 1511 ut
1118 1471 1452 1526 reprehensionem
1478 1484 1547 1526 pa-

205 1545 343 1586 tienter
368 1531 495 1584 ferat?
528 1543 580 1583 At
597 1542 636 1582 id
654 1542 808 1597 quidem
834 1557 904 1597 per
929 1557 971 1583 se
997 1546 1123 1599 ipsum
1149 1544 1349 1585 ridiculum
1378 1549 1446 1592 est,
1473 1557 1547 1584 nec

204 1619 449 1672 paciscuntur
476 1628 566 1656 cum
593 1628 661 1655 sua
689 1616 951 1669 perversitate,
986 1618 1057 1657 nisi
1084 1618 1149 1671 qui
1176 1618 1382 1658 admodum
1410 1615 1546 1657 moues

204 1695 293 1730 sunt
320 1695 359 1728 et
386 1702 522 1744 parum
552 1688 765 1728 didicerunt
791 1688 860 1726 sibi
892 1689 984 1742 ipsis
1024 1689 1230 1743 imperare,
1272 1694 1387 1744 atque
1417 1690 1544 1742 ipsum

204 1764 317 1802 etiam
346 1761 487 1815 vulgus
514 1774 600 1808 eos,
641 1761 706 1814 qui
732 1759 965 1800 reluctantur
991 1761 1052 1808 iis,
1093 1775 1191 1816 quae
1232 1775 1323 1801 vera
1361 1776 1446 1801 esse
1472 1762 1545 1816 ipsi

202 1835 479 1891 perspexerint,
506 1838 573 1875 aut
596 1833 751 1872 insanos
768 1832 893 1881 habet,
913 1838 979 1872 aut
996 1833 1203 1888 improbos.
1241 1833 1313 1873 Cui
1335 1835 1546 1875 sententiae

204 1909 307 1963 quod
344 1907 580 1948 ‘eontrarium
609 1910 686 1952 est,
726 1905 763 1945 id
791 1919 839 1944 ne
865 1918 936 1958 per
961 1906 1089 1944 iocum
1126 1906 1279 1960 quidem
1305 1906 1354 1945 ab
1383 1906 1543 1951 Horatio

204 1979 356 2035 probari
389 1980 560 2034 potuisse
593 1976 840 2018 crediderim:
882 1990 957 2016 non
997 1976 1088 2016 licet
1128 1978 1228 2017 enim
1265 1979 1382 2018 iocari
1410 1978 1458 2018 de
1485 1992 1543 2027 eo,

204 2042 317 2107 quod,
345 2051 409 2091 ubi
437 2056 541 2091 recte
568 2050 835 2097 existimatur,v
853 2050 1022 2095 omnium
1050 2048 1279 2098 officiorum,
1318 2050 1441 2096 omnis
1467 2050 1544 2090 vir-

205 2127 304 2174 tutis,
333 2124 576 2165 humanitatis
603 2122 767 2175 denique
794 2122 917 2160 omnis
951 2121 1240 2161 fundamentum
1268 2122 1435 2170 videtur,
1464 2135 1541 2176 quo

203 2199 360 2254 dempto
400 2200 579 2237 corruent
618 2194 754 2243 omnia.
807 2191 956 2248 Itaque,
993 2193 1117 2234 donec
1150 2192 1222 2234 alia
1244 2193 1422 2235 *fortasse
1444 2204 1542 2236 con-

202 2273 347 2311 iectura
374 2270 601 2315 inveniatur,
630 2282 727 2322 quae
755 2268 913 2322 propius
932 2268 1047 2306 etiam
1065 2266 1162 2319 absit
1181 2266 1227 2306 ab
1246 2266 1338 2320 ipsis
1362 2270 1542 2321 receptae

203 2340 375 2385 lectionis
403 2342 532 2390 literis,
558 2341 611 2381 ita
637 2339 744 2381 illum
770 2340 967 2395 scripsisse
994 2338 1240 2386 existimabo:
1307 2381 1310 2391 1

360 2415 518 2454 stultum
544 2428 606 2452 me
633 2414 766 2460 fateor,
792 2413 869 2452 lex
895 2418 969 2452 est
994 2412 1208 2452 concedere
1235 2410 1346 2457 veris,

358 2491 473 2543 atque
500 2487 614 2527 etiam
640 2485 826 2540 insanum.
