1669 2839
667 121 705 164 a*
788 93 844 150 ω

148 223 234 270 diei,
247 219 398 261 nullam
418 218 573 258 omnino
591 217 937 272 statuamcogitari
956 228 1082 271 posse,
1101 215 1140 254 in
1160 226 1236 270 qua
1254 213 1356 254 nulla
1377 214 1492 270 plane

148 288 408 348 §tf-,unguium
436 296 475 330 et
502 287 727 344 capillorum
753 289 850 329 ratio
877 287 1016 337 habita,
1044 288 1174 342 itaque
1199 285 1264 326 illa
1282 292 1408 327 aetate
1426 293 1492 327 aut

148 364 298 408 nullum
324 368 525 419 praeterea
552 359 736 402 artificem
762 362 889 411 fuisse,
917 359 1116 410 autxillum
1140 372 1218 399 non
1233 356 1361 399 solum
1376 359 1416 398 in
1433 358 1492 398 his

147 438 265 479 rebus
295 436 487 482 imitandis
520 439 715 475 versatum
750 449 847 475 esse.
900 424 1031 475 Nolim
1064 438 1193 473 tamen
1221 431 1297 472 hoc
1333 445 1492 487 urgere:

149 511 241 551 imo'
256 508 442 556 concedo,
470 507 590 548 videri
613 508 698 562 ¹ipsa
721 508 954 547 minutarum
974 520 1102 573 rerpm
1126 505 1494 546 commemoratione

148 582 314 636 aliquam
331 580 586 621 accurationis
606 585 644 619 et
662 579 881 633 diligentiae
899 577 1273 618 commendationem
1293 578 1491 616 contineri.

71 639 74 642 ’
148 653 201 694 At
227 638 319 693 num
347 650 529 692 credibile
555 643 772 701 estfillum
801 650 964 706 Augusti
998 653 1125 689 aetate
1159 648 1285 688 solum
1312 653 1492 689 accurate

89 710 94 716 ’
148 730 188 764 et
206 724 407 778 diligenter
425 729 575 779 ugues
595 730 710 778 atque
729 723 888 778 capillos
907 719 1174 776 expressisse?
1218 721 1259 760 ld
1288 721 1494 774 quominus

130 787 319 845 maedam,
341 795 439 836 haee
456 810 520 836 me
538 796 759 851 impediunt.
806 794 935 857 Quum
964 793 1046 834 aliis
1073 793 1111 833 in
1140 792 1253 834 rebus
1281 792 1493 847 permultis,

148 873 231 911 tum
257 870 295 908 in
324 882 370 908 eo
399 868 567 907 cernitur
595 867 834 922 praeclarum
856 866 1063 906 Alexandri
1082 865 1132 905 M.
1154 865 1360 920 ingenium,
1389 865 1493 919 quod

145 939 328 981 nonnulla
356 940 477 995 ipsius
503 940 653 990 iudicia,
682 942 729 981 ad
758 945 860 980 artes
888 944 1004 995 atque
1031 937 1195 978 artifices
1222 938 1445 993 spectantia,
1471 951 1493 977 a

146 1015 311 1069 βιοτῆς
339 1016 454 1053 etiam
484 1027 553 1068 pro
581 1014 682 1052 veris
710 1012 837 1062 habita
860 1013 1105 1066 adsensuque
1131 1009 1381 1064 comprobata
1408 1023 1494 1048 esse

148 1085 303 1125 scimus.
358 1083 504 1140 itaqu·
526 1085 630 1140 quod
658 1083 829 1140 Lysippo
864 1085 963 1125 inter
996 1084 1093 1124 aeris
1122 1082 1304 1123 fundendi
1331 1081 1495 1121 artifices

148 1155 404 1210 principatum
432 1158 578 1205 detulit,
606 1159 656 1197 ita
684 1139 727 1195 tit
753 1158 799 1195 ab
828 1157 903 1196 hoc
931 1171 1008 1196 uno
1037 1171 1146 1195 suam
1172 1157 1377 1208 imaginem
1405 1169 1493 1193 aere

149 1228 311 1283 exprimi
337 1227 465 1277 vellet,
493 1229 593 1284 ipson
603 1227 680 1269 hoc
706 1228 835 1269 edicto
864 1229 1027 1284 posteris
1051 1232 1087 1267 et
1108 1241 1289 1283 magnum
1309 1225 1491 1267 artificem

148 1301 444 1348 commendavit,
465 1307 504 1340 et
518 1314 626 1340 suam
642 1301 778 1340 harum
792 1314 922 1340 rerum
938 1302 1112 1354 peritiam
1132 1300 1326 1354 probavit:
1354 1312 1493 1351 quum-

149 1384 225 1428 que
254 1378 422 1421 constet,
448 1377 601 1413 veteres
630 1371 794 1413 artifices
823 1387 867 1413 ea
895 1373 1149 1426 temperantia
1182 1385 1274 1411 usos
1303 1385 1406 1419 esse,
1440 1375 1494 1418 ut,

150 1444 217 1485 ubi
244 1444 366 1485 semel
392 1444 656 1486 id‘inventum
683 1450 803 1494 esset,
837 1444 940 1500 quod
977 1443 1152 1485 omnibus
1187 1444 1356 1484 numeris
1382 1442 1501 1482 abso«-

146 1517 271 1574 lutum
299 1532 344 1558 ac
371 1519 586 1573 perfectum
616 1519 821 1567 videretur,
848 1532 925 1558 non
953 1532 1042 1558 suas
1069 1519 1238 1558 visiones
1265 1523 1412 1558 temere
1434 1532 1495 1557 se-

149 1596 374 1645 querentur,
409 1591 478 1631 sed
506 1605 701 1631 summum
727 1589 821 1631 illud
848 1590 1070 1646 exemplum
1098 1589 1383 1630 aemularentur
1409 1590 1494 1629 imi-

149 1664 278 1712 tando,
297 1677 375 1703 non
395 1663 626 1712 mirabimur,
644 1678 714 1719 per
731 1663 929 1718 complura
949 1664 1079 1718 secula
1095 1662 1328 1718 Lysippeam
1347 1667 1493 1703 sectam

148 1736 186 1776 in
213 1737 423 1790 praecipuo
451 1735 598 1776 honore
625 1736 754 1776 fuisse.
796 1735 859 1776 De
884 1738 968 1791 ipso
998 1741 1128 1776 autem
1142 1734 1314 1790 Lysippo
1338 1736 1495 1790 copiose

149 1820 221 1863 pro
255 1809 371 1848 totius
398 1809 559 1849 instituti
584 1809 732 1849 ratione
752 1808 918 1860 ,disserit
945 1807 1089 1849 Plinius
1117 1823 1153 1849 n.
1181 1808 1217 1848 h.
1245 1806 1430 1848 XXXIV.
1458 1808 1495 1856 8,

148 1881 215 1921 ubi
241 1882 339 1921 inter
365 1880 437 1921 alia
465 1880 562 1923 haec
588 1880 723 1921 habet:
751 1881 975 1935 ‘statuariae
1000 1881 1070 1920 arti
1099 1880 1305 1935 plurimum
1333 1880 1494 1919 traditur

149 1954 360 1995 contulisse
388 1953 614 2008 capillum
643 1953 969 2008 exprimendo,
997 1954 1121 2007 capita
1150 1954 1297 1992 minora
1315 1952 1493 1992 faciendo

150 2036 266 2080 quam
292 2025 436 2078 antiqui
464 2024 557 2064 relL'
583 2025 794 2079 paucisque
820 2024 1046 2063 interiectis:
1075 2025 1270 2079 ‘propriae
1297 2023 1411 2064 huius
1437 2025 1495 2063 vi-

149 2097 286 2147 dentur
313 2103 399 2137 esse
427 2096 644 2152 argutiae
673 2110 833 2151 operum
861 2097 1077 2137 custoditae
1103 2098 1140 2138 in
1169 2098 1371 2138 minimis
1399 2111 1496 2153 quo-

147 2183 224 2224 que
243 2167 382 2211 nebus?
426 2167 566 2223 Neque
591 2170 630 2209 in
657 2168 754 2209 urbe
780 2170 955 2224 perdocti
982 2175 1131 2210 tantum
1157 2170 1344 2217 homines,
1371 2170 1495 2224 qualis

148 2240 294 2282 Plinius
321 2245 420 2289 erat,
450 2239 609 2297 Lysippi
636 2247 761 2286 artem
785 2242 916 2298 magni
943 2241 1143 2283 faciebant.
1199 2242 1258 2282 Ex
1287 2256 1364 2297 quo
1393 2243 1495 2283 enim

148 2313 368 2369 complures
388 2314 471 2366 eius
491 2319 641 2353 statuae
660 2327 682 2353 a
698 2312 866 2361 Metello,
892 2314 1116 2354 Macedonia
1136 2315 1306 2363 subacta,
1328 2314 1495 2356 Romam

148 2380 354 2427 translatae
383 2391 508 2434 erant,
544 2385 662 2441 vulgo
690 2386 807 2437 etiam
835 2386 988 2442 probari
1017 2388 1160 2441 coepit,
1195 2391 1234 2426 et
1261 2388 1312 2428 ita
1340 2389 1493 2444 quidem

148 2459 313 2513 probari,
325 2465 378 2500 ‚ut
393 2458 570 2499 Romana
586 2458 696 2513 plebs
715 2473 839 2513 paene
859 2460 1136 2502 Graeculorum
1156 2461 1281 2503 studia
1301 2467 1493 2516 aequaret.

150 2528 251 2571 Nam
280 2528 400 2587 quum
419 2531 595 2572 Tiberius
613 2530 772 2587 Lysippi
800 2530 1092 2584 ἂποξυόμενον,
1120 2547 1237 2590 quem
1255 2533 1305 2574 M.
1326 2534 1494 2589 Agrippa
