<?xml version="1.0" encoding="UTF-8"?>
<!DOCTYPE html PUBLIC "-//W3C//DTD XHTML 1.0 Transitional//EN"
    "http://www.w3.org/TR/xhtml1/DTD/xhtml1-transitional.dtd">
<html xmlns="http://www.w3.org/1999/xhtml" xml:lang="en" lang="en">
 <head>
  <title>
</title>
<meta http-equiv="Content-Type" content="text/html;charset=utf-8" />
  <meta name='ocr-system' content='tesseract 3.04.00' />
  <meta name='ocr-capabilities' content='ocr_page ocr_carea ocr_par ocr_line ocrx_word'/>
</head>
<body>
  <div class='ocr_page' id='page_1' title='image "./4738087_0064.png"; bbox 0 0 1669 2839; ppageno 0'>
   <div class='ocr_carea' id='block_1_1' title="bbox 156 206 1518 2568">
    <p class='ocr_par' dir='ltr' id='par_1_1' title="bbox 156 206 1511 2062">
     <span class='ocr_line' id='line_1_1' title="bbox 166 206 1511 264; baseline -0.001 -14"><span class='ocrx_word' id='word_1_1' title='bbox 166 215 368 262; x_wconf 82' lang='lat' dir='ltr'>utrosque,</span> <span class='ocrx_word' id='word_1_2' title='bbox 412 207 517 249; x_wconf 88' lang='lat' dir='ltr'>cives</span> <span class='ocrx_word' id='word_1_3' title='bbox 551 206 736 246; x_wconf 87' lang='lat' dir='ltr'>honestos</span> <span class='ocrx_word' id='word_1_4' title='bbox 773 207 913 245; x_wconf 83' lang='lat' dir='ltr'>rectius</span> <span class='ocrx_word' id='word_1_5' title='bbox 950 206 1135 254; x_wconf 77' lang='lat' dir='ltr'>sensisse,</span> <span class='ocrx_word' id='word_1_6' title='bbox 1178 207 1308 246; x_wconf 80' lang='lat' dir='ltr'>exiis</span> <span class='ocrx_word' id='word_1_7' title='bbox 1334 207 1511 264; x_wconf 86' lang='lat' dir='ltr'>intelligi-</span> 
     </span>
     <span class='ocr_line' id='line_1_2' title="bbox 162 277 1510 335; baseline -0.001 -14"><span class='ocrx_word' id='word_1_8' title='bbox 162 280 242 328; x_wconf 83' lang='lat' dir='ltr'>tur,</span> <span class='ocrx_word' id='word_1_9' title='bbox 284 293 383 329; x_wconf 83' lang='lat' dir='ltr'>quae</span> <span class='ocrx_word' id='word_1_10' title='bbox 398 278 592 328; x_wconf 84' lang='lat' dir='ltr'>&#39;Horatius</span> <span class='ocrx_word' id='word_1_11' title='bbox 623 292 656 317; x_wconf 87' lang='lat' dir='ltr'>a.</span> <span class='ocrx_word' id='word_1_12' title='bbox 676 292 712 332; x_wconf 90' lang='lat' dir='ltr'>p.</span> <span class='ocrx_word' id='word_1_13' title='bbox 754 277 825 316; x_wconf 84' lang='lat'>153</span> <span class='ocrx_word' id='word_1_14' title='bbox 853 278 888 316; x_wconf 87' lang='lat' dir='ltr'>in</span> <span class='ocrx_word' id='word_1_15' title='bbox 918 278 1067 318; x_wconf 89' lang='lat' dir='ltr'>comico</span> <span class='ocrx_word' id='word_1_16' title='bbox 1109 284 1222 332; x_wconf 89' lang='lat' dir='ltr'>poeta</span> <span class='ocrx_word' id='word_1_17' title='bbox 1251 284 1289 318; x_wconf 91' lang='lat' dir='ltr'>et</span> <span class='ocrx_word' id='word_1_18' title='bbox 1315 293 1358 319; x_wconf 87' lang='lat' dir='ltr'>se</span> <span class='ocrx_word' id='word_1_19' title='bbox 1384 281 1510 335; x_wconf 87' lang='lat' dir='ltr'>requi-</span> 
     </span>
     <span class='ocr_line' id='line_1_3' title="bbox 167 350 1509 404; baseline -0.001 -11"><span class='ocrx_word' id='word_1_20' title='bbox 167 366 253 393; x_wconf 84' lang='lat' dir='ltr'>rere</span> <span class='ocrx_word' id='word_1_21' title='bbox 287 352 379 392; x_wconf 90' lang='lat' dir='ltr'>dicit</span> <span class='ocrx_word' id='word_1_22' title='bbox 419 357 457 391; x_wconf 88' lang='lat' dir='ltr'>et</span> <span class='ocrx_word' id='word_1_23' title='bbox 492 350 711 404; x_wconf 50' lang='lat' dir='ltr'>‘populum&#39;</span> <span class='ocrx_word' id='word_1_24' title='bbox 747 364 901 390; x_wconf 82' lang='lat' dir='ltr'>secum:</span> <span class='ocrx_word' id='word_1_25' title='bbox 943 356 981 390; x_wconf 87' lang='lat' dir='ltr'>at</span> <span class='ocrx_word' id='word_1_26' title='bbox 1021 351 1174 391; x_wconf 88' lang='lat' dir='ltr'>valebat</span> <span class='ocrx_word' id='word_1_27' title='bbox 1211 357 1338 391; x_wconf 90' lang='lat' dir='ltr'>tamen</span> <span class='ocrx_word' id='word_1_28' title='bbox 1375 365 1509 392; x_wconf 89' lang='lat' dir='ltr'>eorum</span> 
     </span>
     <span class='ocr_line' id='line_1_4' title="bbox 162 423 1510 477; baseline -0.002 -10"><span class='ocrx_word' id='word_1_29' title='bbox 162 425 362 472; x_wconf 87' lang='lat' dir='ltr'>iudicium,</span> <span class='ocrx_word' id='word_1_30' title='bbox 389 424 466 477; x_wconf 90' lang='lat' dir='ltr'>qui,</span> <span class='ocrx_word' id='word_1_31' title='bbox 493 428 537 462; x_wconf 91' lang='lat' dir='ltr'>ut</span> <span class='ocrx_word' id='word_1_32' title='bbox 564 423 720 476; x_wconf 88' lang='lat' dir='ltr'>aitipse,</span> <span class='ocrx_word' id='word_1_33' title='bbox 749 436 927 474; x_wconf 55' lang='lat' dir='ltr'>‘numero</span> <span class='ocrx_word' id='word_1_34' title='bbox 956 423 1103 477; x_wconf 90' lang='lat' dir='ltr'>plures,</span> <span class='ocrx_word' id='word_1_35' title='bbox 1134 424 1272 464; x_wconf 89' lang='lat' dir='ltr'>virtute</span> <span class='ocrx_word' id='word_1_36' title='bbox 1300 429 1339 464; x_wconf 93' lang='lat' dir='ltr'>et</span> <span class='ocrx_word' id='word_1_37' title='bbox 1363 424 1510 465; x_wconf 86' lang='lat' dir='ltr'>honore</span> 
     </span>
     <span class='ocr_line' id='line_1_5' title="bbox 161 494 1510 549; baseline -0.001 -11"><span class='ocrx_word' id='word_1_38' title='bbox 161 499 347 544; x_wconf 85' lang='lat' dir='ltr'>minores,</span> <span class='ocrx_word' id='word_1_39' title='bbox 387 495 532 536; x_wconf 90' lang='lat' dir='ltr'>indocti</span> <span class='ocrx_word' id='word_1_40' title='bbox 569 495 788 549; x_wconf 83' lang='lat' dir='ltr'>stolidique&#39;</span> <span class='ocrx_word' id='word_1_41' title='bbox 817 500 935 534; x_wconf 90' lang='lat' dir='ltr'>erant.</span> <span class='ocrx_word' id='word_1_42' title='bbox 990 494 1030 534; x_wconf 93' lang='lat' dir='ltr'>ln</span> <span class='ocrx_word' id='word_1_43' title='bbox 1059 494 1132 534; x_wconf 88' lang='lat' dir='ltr'>hoc</span> <span class='ocrx_word' id='word_1_44' title='bbox 1158 510 1286 536; x_wconf 91' lang='lat' dir='ltr'>rerum</span> <span class='ocrx_word' id='word_1_45' title='bbox 1314 502 1417 539; x_wconf 89' lang='lat' dir='ltr'>statu</span> <span class='ocrx_word' id='word_1_46' title='bbox 1443 502 1510 537; x_wconf 90' lang='lat' dir='ltr'>aut</span> 
     </span>
     <span class='ocr_line' id='line_1_6' title="bbox 159 567 1507 623; baseline -0.001 -13"><span class='ocrx_word' id='word_1_47' title='bbox 159 568 427 611; x_wconf 87' lang='lat' dir='ltr'>abstinendum</span> <span class='ocrx_word' id='word_1_48' title='bbox 461 572 542 606; x_wconf 86' lang='lat' dir='ltr'>erat</span> <span class='ocrx_word' id='word_1_49' title='bbox 568 581 590 606; x_wconf 88' lang='lat' dir='ltr'>a</span> <span class='ocrx_word' id='word_1_50' title='bbox 618 567 767 607; x_wconf 87' lang='lat' dir='ltr'>comica</span> <span class='ocrx_word' id='word_1_51' title='bbox 810 567 937 620; x_wconf 55' lang='lat' dir='ltr'>poesi„</span> <span class='ocrx_word' id='word_1_52' title='bbox 975 572 1041 605; x_wconf 86' lang='lat' dir='ltr'>aut</span> <span class='ocrx_word' id='word_1_53' title='bbox 1077 568 1205 620; x_wconf 87' lang='lat' dir='ltr'>poesis</span> <span class='ocrx_word' id='word_1_54' title='bbox 1232 569 1280 613; x_wconf 90' lang='lat' dir='ltr'>ad</span> <span class='ocrx_word' id='word_1_55' title='bbox 1307 569 1410 623; x_wconf 87' lang='lat' dir='ltr'>vulgi</span> <span class='ocrx_word' id='word_1_56' title='bbox 1438 583 1507 609; x_wconf 93' lang='lat' dir='ltr'>vo-</span> 
     </span>
     <span class='ocr_line' id='line_1_7' title="bbox 159 637 1508 694; baseline -0.001 -13"><span class='ocrx_word' id='word_1_57' title='bbox 159 641 349 681; x_wconf 73' lang='lat' dir='ltr'>luntatem</span> <span class='ocrx_word' id='word_1_58' title='bbox 375 638 719 679; x_wconf 86' lang='lat' dir='ltr'>accommodanda:</span> <span class='ocrx_word' id='word_1_59' title='bbox 758 639 796 677; x_wconf 95' lang='lat' dir='ltr'>in</span> <span class='ocrx_word' id='word_1_60' title='bbox 824 637 999 692; x_wconf 89' lang='lat' dir='ltr'>populari</span> <span class='ocrx_word' id='word_1_61' title='bbox 1027 639 1127 677; x_wconf 90' lang='lat' dir='ltr'>enim</span> <span class='ocrx_word' id='word_1_62' title='bbox 1155 644 1235 677; x_wconf 86' lang='lat' dir='ltr'>arte</span> <span class='ocrx_word' id='word_1_63' title='bbox 1264 639 1386 679; x_wconf 85' lang='lat' dir='ltr'>solam</span> <span class='ocrx_word' id='word_1_64' title='bbox 1417 654 1508 694; x_wconf 86' lang='lat' dir='ltr'>pru·-</span> 
     </span>
     <span class='ocr_line' id='line_1_8' title="bbox 161 710 1509 766; baseline -0.001 -12"><span class='ocrx_word' id='word_1_65' title='bbox 161 714 332 754; x_wconf 84' lang='lat' dir='ltr'>dentium</span> <span class='ocrx_word' id='word_1_66' title='bbox 373 710 689 766; x_wconf 79' lang='lat' dir='ltr'><strong>approbationem</strong></span> <span class='ocrx_word' id='word_1_67' title='bbox 728 716 912 766; x_wconf 85' lang='lat' dir='ltr'>expetere</span> <span class='ocrx_word' id='word_1_68' title='bbox 946 711 1012 750; x_wconf 90' lang='lat' dir='ltr'>vix</span> <span class='ocrx_word' id='word_1_69' title='bbox 1045 710 1223 765; x_wconf 85' lang='lat' dir='ltr'>cuiquam</span> <span class='ocrx_word' id='word_1_70' title='bbox 1266 711 1406 752; x_wconf 76' lang='lat' dir='ltr'>licebat</span> <span class='ocrx_word' id='word_1_71' title='bbox 1437 713 1509 752; x_wconf 88' lang='lat' dir='ltr'>im-</span> 
     </span>
     <span class='ocr_line' id='line_1_9' title="bbox 160 781 1508 842; baseline -0.001 -17"><span class='ocrx_word' id='word_1_72' title='bbox 160 800 264 841; x_wconf 89' lang='lat' dir='ltr'>pune</span> <span class='ocrx_word' id='word_1_73' title='bbox 286 789 371 842; x_wconf 87' lang='lat' dir='ltr'>(sat.</span> <span class='ocrx_word' id='word_1_74' title='bbox 400 782 426 823; x_wconf 92' lang='lat'>1.</span> <span class='ocrx_word' id='word_1_75' title='bbox 458 783 516 822; x_wconf 86' lang='lat'>10.</span> <span class='ocrx_word' id='word_1_76' title='bbox 546 783 621 830; x_wconf 85' lang='lat'><strong>76).</strong></span> <span class='ocrx_word' id='word_1_77' title='bbox 676 785 802 835; x_wconf 87' lang='lat' dir='ltr'>Atque</span> <span class='ocrx_word' id='word_1_78' title='bbox 829 781 927 822; x_wconf 90' lang='lat' dir='ltr'>hanc</span> <span class='ocrx_word' id='word_1_79' title='bbox 955 782 1111 836; x_wconf 91' lang='lat' dir='ltr'>quidem</span> <span class='ocrx_word' id='word_1_80' title='bbox 1150 785 1253 823; x_wconf 88' lang='lat' dir='ltr'>viam</span> <span class='ocrx_word' id='word_1_81' title='bbox 1290 785 1508 839; x_wconf 85' lang='lat' dir='ltr'>ingressum</span> 
     </span>
     <span class='ocr_line' id='line_1_10' title="bbox 161 852 1507 911; baseline -0.001 -13"><span class='ocrx_word' id='word_1_82' title='bbox 161 871 246 898; x_wconf 90' lang='lat' dir='ltr'>esse</span> <span class='ocrx_word' id='word_1_83' title='bbox 263 855 512 902; x_wconf 87' lang='lat' dir='ltr'>Fundanium,</span> <span class='ocrx_word' id='word_1_84' title='bbox 533 859 571 900; x_wconf 80' lang='lat' dir='ltr'>et</span> <span class='ocrx_word' id='word_1_85' title='bbox 589 853 677 894; x_wconf 91' lang='lat' dir='ltr'>inde</span> <span class='ocrx_word' id='word_1_86' title='bbox 705 852 888 908; x_wconf 86' lang='lat' dir='ltr'>colligere</span> <span class='ocrx_word' id='word_1_87' title='bbox 915 853 1015 902; x_wconf 88' lang='lat' dir='ltr'>licet,</span> <span class='ocrx_word' id='word_1_88' title='bbox 1044 855 1147 909; x_wconf 94' lang='lat' dir='ltr'>quod</span> <span class='ocrx_word' id='word_1_89' title='bbox 1175 854 1280 895; x_wconf 90' lang='lat' dir='ltr'>solus</span> <span class='ocrx_word' id='word_1_90' title='bbox 1308 861 1399 896; x_wconf 89' lang='lat' dir='ltr'>tunc</span> <span class='ocrx_word' id='word_1_91' title='bbox 1418 869 1507 911; x_wconf 83' lang='lat' dir='ltr'>pro·</span> 
     </span>
     <span class='ocr_line' id='line_1_11' title="bbox 161 926 1506 980; baseline -0.001 -12"><span class='ocrx_word' id='word_1_92' title='bbox 161 929 332 976; x_wconf 87' lang='lat' dir='ltr'>babatur,</span> <span class='ocrx_word' id='word_1_93' title='bbox 371 932 410 966; x_wconf 90' lang='lat' dir='ltr'>et</span> <span class='ocrx_word' id='word_1_94' title='bbox 437 926 683 966; x_wconf 84' lang='lat' dir='ltr'>confirmatur</span> <span class='ocrx_word' id='word_1_95' title='bbox 710 926 800 979; x_wconf 91' lang='lat' dir='ltr'>ipsis</span> <span class='ocrx_word' id='word_1_96' title='bbox 828 926 882 973; x_wconf 88' lang='lat' dir='ltr'>iis,</span> <span class='ocrx_word' id='word_1_97' title='bbox 920 940 1019 980; x_wconf 88' lang='lat' dir='ltr'>quae</span> <span class='ocrx_word' id='word_1_98' title='bbox 1048 927 1096 966; x_wconf 91' lang='lat' dir='ltr'>de</span> <span class='ocrx_word' id='word_1_99' title='bbox 1124 941 1169 966; x_wconf 91' lang='lat' dir='ltr'>eo</span> <span class='ocrx_word' id='word_1_100' title='bbox 1197 928 1288 967; x_wconf 89' lang='lat' dir='ltr'>dicit</span> <span class='ocrx_word' id='word_1_101' title='bbox 1314 928 1506 968; x_wconf 81' lang='lat' dir='ltr'>Horatius.</span> 
     </span>
     <span class='ocr_line' id='line_1_12' title="bbox 158 998 1506 1053; baseline -0.002 -12"><span class='ocrx_word' id='word_1_102' title='bbox 158 1000 251 1041; x_wconf 91' lang='lat' dir='ltr'>Sola</span> <span class='ocrx_word' id='word_1_103' title='bbox 279 1000 378 1039; x_wconf 88' lang='lat' dir='ltr'>enim</span> <span class='ocrx_word' id='word_1_104' title='bbox 407 999 634 1039; x_wconf 87' lang='lat' dir='ltr'>comitate</span> <span class='ocrx_word' id='word_1_105' title='bbox 661 999 699 1037; x_wconf 91' lang='lat' dir='ltr'>in</span> <span class='ocrx_word' id='word_1_106' title='bbox 727 998 983 1053; x_wconf 86' lang='lat' dir='ltr'>garriendo</span> <span class='ocrx_word' id='word_1_107' title='bbox 1025 1000 1089 1052; x_wconf 87' lang='lat' dir='ltr'>qui</span> <span class='ocrx_word' id='word_1_108' title='bbox 1131 1000 1441 1047; x_wconf 86' lang='lat' dir='ltr'>commendatur,</span> <span class='ocrx_word' id='word_1_109' title='bbox 1474 1001 1506 1038; x_wconf 93' lang='lat' dir='ltr'>is</span> 
     </span>
     <span class='ocr_line' id='line_1_13' title="bbox 159 1069 1505 1126; baseline -0.001 -14"><span class='ocrx_word' id='word_1_110' title='bbox 159 1085 251 1112; x_wconf 86' lang='lat' dir='ltr'>sane</span> <span class='ocrx_word' id='word_1_111' title='bbox 278 1084 405 1126; x_wconf 88' lang='lat' dir='ltr'>neque</span> <span class='ocrx_word' id='word_1_112' title='bbox 433 1083 609 1111; x_wconf 80' lang='lat' dir='ltr'>morosus</span> <span class='ocrx_word' id='word_1_113' title='bbox 635 1069 752 1108; x_wconf 87' lang='lat' dir='ltr'>homo</span> <span class='ocrx_word' id='word_1_114' title='bbox 773 1075 831 1108; x_wconf 88' lang='lat' dir='ltr'>est</span> <span class='ocrx_word' id='word_1_115' title='bbox 849 1083 974 1124; x_wconf 90' lang='lat' dir='ltr'>neque</span> <span class='ocrx_word' id='word_1_116' title='bbox 999 1071 1288 1125; x_wconf 84' lang='lat' dir='ltr'>superciliosus3</span> <span class='ocrx_word' id='word_1_117' title='bbox 1317 1072 1389 1111; x_wconf 90' lang='lat' dir='ltr'>erit</span> <span class='ocrx_word' id='word_1_118' title='bbox 1405 1071 1505 1118; x_wconf 65' lang='lat' dir='ltr'>ickm</span> 
     </span>
     <span class='ocr_line' id='line_1_14' title="bbox 157 1142 1506 1198; baseline 0.001 -14"><span class='ocrx_word' id='word_1_119' title='bbox 157 1146 320 1184; x_wconf 83' lang='lat' dir='ltr'>fortasse</span> <span class='ocrx_word' id='word_1_120' title='bbox 346 1142 586 1198; x_wconf 86' lang='lat' dir='ltr'>ingeniosus,</span> <span class='ocrx_word' id='word_1_121' title='bbox 630 1143 794 1191; x_wconf 80' lang='lat' dir='ltr'>facetus,</span> <span class='ocrx_word' id='word_1_122' title='bbox 837 1143 934 1182; x_wconf 88' lang='lat' dir='ltr'>risus</span> <span class='ocrx_word' id='word_1_123' title='bbox 962 1148 1001 1182; x_wconf 91' lang='lat' dir='ltr'>et</span> <span class='ocrx_word' id='word_1_124' title='bbox 1026 1144 1201 1184; x_wconf 89' lang='lat' dir='ltr'>iocorum</span> <span class='ocrx_word' id='word_1_125' title='bbox 1229 1151 1394 1195; x_wconf 82' lang='lat' dir='ltr'>amator3</span> <span class='ocrx_word' id='word_1_126' title='bbox 1435 1146 1506 1185; x_wconf 90' lang='lat' dir='ltr'>erit</span> 
     </span>
     <span class='ocr_line' id='line_1_15' title="bbox 160 1214 1504 1271; baseline 0.001 -14"><span class='ocrx_word' id='word_1_127' title='bbox 160 1218 324 1271; x_wconf 90' lang='lat' dir='ltr'>denique</span> <span class='ocrx_word' id='word_1_128' title='bbox 352 1214 487 1254; x_wconf 87' lang='lat' dir='ltr'>Lucilii</span> <span class='ocrx_word' id='word_1_129' title='bbox 515 1214 656 1262; x_wconf 86' lang='lat' dir='ltr'>similis,</span> <span class='ocrx_word' id='word_1_130' title='bbox 687 1215 809 1269; x_wconf 90' lang='lat' dir='ltr'>qualis</span> <span class='ocrx_word' id='word_1_131' title='bbox 838 1215 1064 1255; x_wconf 89' lang='lat' dir='ltr'>describitur</span> <span class='ocrx_word' id='word_1_132' title='bbox 1091 1216 1138 1255; x_wconf 90' lang='lat' dir='ltr'>ab</span> <span class='ocrx_word' id='word_1_133' title='bbox 1168 1217 1346 1263; x_wconf 86' lang='lat' dir='ltr'>Horatio:</span> <span class='ocrx_word' id='word_1_134' title='bbox 1375 1224 1413 1257; x_wconf 92' lang='lat' dir='ltr'>at</span> <span class='ocrx_word' id='word_1_135' title='bbox 1441 1232 1504 1258; x_wconf 88' lang='lat' dir='ltr'>ca-</span> 
     </span>
     <span class='ocr_line' id='line_1_16' title="bbox 159 1286 1505 1343; baseline 0.001 -15"><span class='ocrx_word' id='word_1_136' title='bbox 159 1289 256 1329; x_wconf 88' lang='lat' dir='ltr'>rebit</span> <span class='ocrx_word' id='word_1_137' title='bbox 284 1302 329 1328; x_wconf 90' lang='lat' dir='ltr'>ea</span> <span class='ocrx_word' id='word_1_138' title='bbox 356 1292 438 1327; x_wconf 86' lang='lat' dir='ltr'>arte</span> <span class='ocrx_word' id='word_1_139' title='bbox 477 1293 593 1341; x_wconf 87' lang='lat' dir='ltr'>atque</span> <span class='ocrx_word' id='word_1_140' title='bbox 629 1289 800 1342; x_wconf 82' lang='lat' dir='ltr'>perfecta</span> <span class='ocrx_word' id='word_1_141' title='bbox 842 1286 1047 1342; x_wconf 83' lang='lat' dir='ltr'>elegantia,</span> <span class='ocrx_word' id='word_1_142' title='bbox 1090 1304 1164 1343; x_wconf 84' lang='lat' dir='ltr'>qna</span> <span class='ocrx_word' id='word_1_143' title='bbox 1199 1289 1281 1330; x_wconf 93' lang='lat' dir='ltr'>sola</span> <span class='ocrx_word' id='word_1_144' title='bbox 1308 1305 1439 1329; x_wconf 89' lang='lat' dir='ltr'>veram</span> <span class='ocrx_word' id='word_1_145' title='bbox 1467 1296 1505 1330; x_wconf 91' lang='lat' dir='ltr'>et</span> 
     </span>
     <span class='ocr_line' id='line_1_17' title="bbox 156 1359 1506 1414; baseline 0 -13"><span class='ocrx_word' id='word_1_146' title='bbox 156 1362 372 1402; x_wconf 81' lang='lat' dir='ltr'>diuturnam</span> <span class='ocrx_word' id='word_1_147' title='bbox 401 1359 579 1414; x_wconf 76' lang='lat' dir='ltr'>gloriam,</span> <span class='ocrx_word' id='word_1_148' title='bbox 614 1360 651 1398; x_wconf 90' lang='lat' dir='ltr'>in</span> <span class='ocrx_word' id='word_1_149' title='bbox 686 1360 932 1414; x_wconf 88' lang='lat' dir='ltr'>prudentium</span> <span class='ocrx_word' id='word_1_150' title='bbox 963 1359 1102 1399; x_wconf 89' lang='lat' dir='ltr'>iudicio</span> <span class='ocrx_word' id='word_1_151' title='bbox 1143 1361 1326 1414; x_wconf 86' lang='lat' dir='ltr'>positam,</span> <span class='ocrx_word' id='word_1_152' title='bbox 1367 1363 1506 1401; x_wconf 88' lang='lat' dir='ltr'>mereri</span> 
     </span>
     <span class='ocr_line' id='line_1_18' title="bbox 160 1431 1506 1487; baseline 0.001 -14"><span class='ocrx_word' id='word_1_153' title='bbox 160 1434 380 1473; x_wconf 90' lang='lat' dir='ltr'>Venusinus</span> <span class='ocrx_word' id='word_1_154' title='bbox 407 1438 521 1487; x_wconf 91' lang='lat' dir='ltr'>poeta</span> <span class='ocrx_word' id='word_1_155' title='bbox 549 1432 740 1472; x_wconf 89' lang='lat' dir='ltr'>iudicavit.</span> <span class='ocrx_word' id='word_1_156' title='bbox 782 1431 1031 1472; x_wconf 88' lang='lat' dir='ltr'>Dimidiatam</span> <span class='ocrx_word' id='word_1_157' title='bbox 1052 1438 1182 1473; x_wconf 85' lang='lat' dir='ltr'>autem</span> <span class='ocrx_word' id='word_1_158' title='bbox 1210 1434 1398 1474; x_wconf 84' lang='lat' dir='ltr'>eiusmodi</span> <span class='ocrx_word' id='word_1_159' title='bbox 1424 1434 1506 1474; x_wconf 87' lang='lat' dir='ltr'>lau-</span> 
     </span>
     <span class='ocr_line' id='line_1_19' title="bbox 160 1504 1507 1559; baseline -0.002 -12"><span class='ocrx_word' id='word_1_160' title='bbox 160 1507 259 1554; x_wconf 90' lang='lat' dir='ltr'>dem,</span> <span class='ocrx_word' id='word_1_161' title='bbox 274 1505 350 1545; x_wconf 90' lang='lat' dir='ltr'>leni</span> <span class='ocrx_word' id='word_1_162' title='bbox 367 1504 531 1559; x_wconf 90' lang='lat' dir='ltr'>quadam</span> <span class='ocrx_word' id='word_1_163' title='bbox 546 1504 826 1559; x_wconf 81' lang='lat' dir='ltr'>vituperatione</span> <span class='ocrx_word' id='word_1_164' title='bbox 842 1509 1104 1557; x_wconf 78' lang='lat' dir='ltr'>temperatam,</span> <span class='ocrx_word' id='word_1_165' title='bbox 1130 1507 1244 1545; x_wconf 80' lang='lat' dir='ltr'>eiiam</span> <span class='ocrx_word' id='word_1_166' title='bbox 1265 1507 1303 1545; x_wconf 91' lang='lat' dir='ltr'>in</span> <span class='ocrx_word' id='word_1_167' title='bbox 1319 1519 1365 1546; x_wconf 91' lang='lat' dir='ltr'>eo</span> <span class='ocrx_word' id='word_1_168' title='bbox 1381 1506 1507 1544; x_wconf 89' lang='lat' dir='ltr'>inesse</span> 
     </span>
     <span class='ocr_line' id='line_1_20' title="bbox 159 1576 1506 1634; baseline -0.001 -15"><span class='ocrx_word' id='word_1_169' title='bbox 159 1582 264 1634; x_wconf 83' lang='lat' dir='ltr'>puto,</span> <span class='ocrx_word' id='word_1_170' title='bbox 292 1578 397 1633; x_wconf 92' lang='lat' dir='ltr'>quod</span> <span class='ocrx_word' id='word_1_171' title='bbox 416 1576 609 1624; x_wconf 84' lang='lat' dir='ltr'>Horatius,</span> <span class='ocrx_word' id='word_1_172' title='bbox 638 1581 681 1615; x_wconf 90' lang='lat' dir='ltr'>ut</span> <span class='ocrx_word' id='word_1_173' title='bbox 698 1576 728 1616; x_wconf 91' lang='lat' dir='ltr'>F</span> <span class='ocrx_word' id='word_1_174' title='bbox 731 1576 885 1616; x_wconf 89' lang='lat' dir='ltr'>undanii</span> <span class='ocrx_word' id='word_1_175' title='bbox 908 1578 1128 1617; x_wconf 88' lang='lat' dir='ltr'>comoedias</span> <span class='ocrx_word' id='word_1_176' title='bbox 1156 1577 1396 1632; x_wconf 87' lang='lat' dir='ltr'>significaret,</span> <span class='ocrx_word' id='word_1_177' title='bbox 1424 1592 1506 1618; x_wconf 88' lang='lat' dir='ltr'>me-</span> 
     </span>
     <span class='ocr_line' id='line_1_21' title="bbox 160 1647 1505 1704; baseline -0.003 -12"><span class='ocrx_word' id='word_1_178' title='bbox 160 1653 339 1692; x_wconf 89' lang='lat' dir='ltr'>retricem</span> <span class='ocrx_word' id='word_1_179' title='bbox 366 1654 541 1704; x_wconf 89' lang='lat' dir='ltr'>argutam</span> <span class='ocrx_word' id='word_1_180' title='bbox 579 1647 939 1703; x_wconf 85' lang='lat' dir='ltr'>fraudulentumque</span> <span class='ocrx_word' id='word_1_181' title='bbox 981 1663 1134 1688; x_wconf 85' lang='lat' dir='ltr'>servum</span> <span class='ocrx_word' id='word_1_182' title='bbox 1176 1650 1505 1688; x_wconf 84' lang='lat' dir='ltr'>commemoravit.</span> 
     </span>
     <span class='ocr_line' id='line_1_22' title="bbox 157 1721 1506 1778; baseline -0.001 -14"><span class='ocrx_word' id='word_1_183' title='bbox 157 1726 258 1765; x_wconf 89' lang='lat' dir='ltr'>Sunt</span> <span class='ocrx_word' id='word_1_184' title='bbox 285 1723 442 1778; x_wconf 85' lang='lat' dir='ltr'>quidem</span> <span class='ocrx_word' id='word_1_185' title='bbox 468 1722 540 1762; x_wconf 87' lang='lat' dir='ltr'>hae</span> <span class='ocrx_word' id='word_1_186' title='bbox 567 1735 756 1775; x_wconf 87' lang='lat' dir='ltr'>personae</span> <span class='ocrx_word' id='word_1_187' title='bbox 784 1722 1010 1762; x_wconf 87' lang='lat' dir='ltr'>comoediae</span> <span class='ocrx_word' id='word_1_188' title='bbox 1036 1723 1230 1776; x_wconf 88' lang='lat' dir='ltr'>propriae:</span> <span class='ocrx_word' id='word_1_189' title='bbox 1259 1728 1299 1762; x_wconf 88' lang='lat' dir='ltr'>at</span> <span class='ocrx_word' id='word_1_190' title='bbox 1325 1723 1406 1762; x_wconf 91' lang='lat' dir='ltr'>eius</span> <span class='ocrx_word' id='word_1_191' title='bbox 1434 1721 1506 1762; x_wconf 90' lang='lat' dir='ltr'>alia</span> 
     </span>
     <span class='ocr_line' id='line_1_23' title="bbox 158 1794 1504 1849; baseline -0.003 -13"><span class='ocrx_word' id='word_1_192' title='bbox 158 1797 274 1836; x_wconf 87' lang='lat' dir='ltr'>etiam</span> <span class='ocrx_word' id='word_1_193' title='bbox 299 1794 400 1834; x_wconf 93' lang='lat' dir='ltr'>haud</span> <span class='ocrx_word' id='word_1_194' title='bbox 427 1807 549 1848; x_wconf 87' lang='lat' dir='ltr'>pauca</span> <span class='ocrx_word' id='word_1_195' title='bbox 585 1794 738 1848; x_wconf 88' lang='lat' dir='ltr'>propria</span> <span class='ocrx_word' id='word_1_196' title='bbox 775 1799 880 1842; x_wconf 89' lang='lat' dir='ltr'>sunt,</span> <span class='ocrx_word' id='word_1_197' title='bbox 922 1808 1021 1849; x_wconf 92' lang='lat' dir='ltr'>quae</span> <span class='ocrx_word' id='word_1_198' title='bbox 1050 1800 1088 1834; x_wconf 89' lang='lat' dir='ltr'>et</span> <span class='ocrx_word' id='word_1_199' title='bbox 1116 1795 1313 1834; x_wconf 87' lang='lat' dir='ltr'>venustius</span> <span class='ocrx_word' id='word_1_200' title='bbox 1353 1794 1504 1834; x_wconf 87' lang='lat' dir='ltr'>tractari</span> 
     </span>
     <span class='ocr_line' id='line_1_24' title="bbox 157 1865 1506 1921; baseline -0.001 -15"><span class='ocrx_word' id='word_1_201' title='bbox 157 1872 329 1921; x_wconf 89' lang='lat' dir='ltr'>possunt,</span> <span class='ocrx_word' id='word_1_202' title='bbox 350 1871 388 1905; x_wconf 90' lang='lat' dir='ltr'>et</span> <span class='ocrx_word' id='word_1_203' title='bbox 407 1867 529 1921; x_wconf 87' lang='lat' dir='ltr'>magis</span> <span class='ocrx_word' id='word_1_204' title='bbox 545 1867 624 1906; x_wconf 84' lang='lat' dir='ltr'>sere</span> <span class='ocrx_word' id='word_1_205' title='bbox 641 1865 835 1914; x_wconf 87' lang='lat' dir='ltr'>delectant</span> <span class='ocrx_word' id='word_1_206' title='bbox 863 1880 941 1914; x_wconf 89' lang='lat' dir='ltr'>eos,</span> <span class='ocrx_word' id='word_1_207' title='bbox 970 1868 1034 1920; x_wconf 94' lang='lat' dir='ltr'>qui</span> <span class='ocrx_word' id='word_1_208' title='bbox 1054 1867 1152 1906; x_wconf 91' lang='lat' dir='ltr'>ultra</span> <span class='ocrx_word' id='word_1_209' title='bbox 1170 1866 1324 1920; x_wconf 89' lang='lat' dir='ltr'>plebem</span> <span class='ocrx_word' id='word_1_210' title='bbox 1343 1866 1506 1919; x_wconf 87' lang='lat' dir='ltr'>sapiunt,</span> 
     </span>
     <span class='ocr_line' id='line_1_25' title="bbox 158 1936 1504 1992; baseline -0.002 -15"><span class='ocrx_word' id='word_1_211' title='bbox 158 1937 332 1992; x_wconf 89' lang='lat' dir='ltr'>tollitque</span> <span class='ocrx_word' id='word_1_212' title='bbox 348 1951 502 1977; x_wconf 89' lang='lat' dir='ltr'>omnem</span> <span class='ocrx_word' id='word_1_213' title='bbox 517 1936 790 1977; x_wconf 86' lang='lat' dir='ltr'>dubitationem</span> <span class='ocrx_word' id='word_1_214' title='bbox 807 1939 888 1991; x_wconf 90' lang='lat' dir='ltr'>ipse</span> <span class='ocrx_word' id='word_1_215' title='bbox 898 1938 1091 1985; x_wconf 87' lang='lat' dir='ltr'>Horatius,</span> <span class='ocrx_word' id='word_1_216' title='bbox 1108 1951 1226 1992; x_wconf 87' lang='lat' dir='ltr'>quum</span> <span class='ocrx_word' id='word_1_217' title='bbox 1242 1950 1275 1976; x_wconf 91' lang='lat' dir='ltr'>a.</span> <span class='ocrx_word' id='word_1_218' title='bbox 1291 1936 1413 1991; x_wconf 84' lang='lat' dir='ltr'><strong>p.236</strong></span> <span class='ocrx_word' id='word_1_219' title='bbox 1422 1949 1504 1990; x_wconf 84' lang='lat' dir='ltr'>sqq.</span> 
     </span>
     <span class='ocr_line' id='line_1_26' title="bbox 159 2008 709 2062; baseline -0.005 -14"><span class='ocrx_word' id='word_1_220' title='bbox 159 2009 348 2048; x_wconf 87' lang='lat' dir='ltr'>simillima</span> <span class='ocrx_word' id='word_1_221' title='bbox 375 2009 569 2062; x_wconf 87' lang='lat' dir='ltr'>scripserit</span> <span class='ocrx_word' id='word_1_222' title='bbox 595 2008 709 2047; x_wconf 84' lang='lat' dir='ltr'>haec:</span> 
     </span>
    </p>

    <p class='ocr_par' dir='ltr' id='par_1_2' title="bbox 338 2078 1163 2135">
     <span class='ocr_line' id='line_1_27' title="bbox 338 2078 1163 2135; baseline 0.001 -16"><span class='ocrx_word' id='word_1_223' title='bbox 338 2092 411 2119; x_wconf 90' lang='lat' dir='ltr'>nec</span> <span class='ocrx_word' id='word_1_224' title='bbox 439 2079 494 2119; x_wconf 86' lang='lat' dir='ltr'>sic</span> <span class='ocrx_word' id='word_1_225' title='bbox 522 2078 643 2118; x_wconf 86' lang='lat' dir='ltr'>enitar</span> <span class='ocrx_word' id='word_1_226' title='bbox 670 2081 817 2135; x_wconf 87' lang='lat' dir='ltr'>tragico</span> <span class='ocrx_word' id='word_1_227' title='bbox 848 2081 1003 2121; x_wconf 86' lang='lat' dir='ltr'>differre</span> <span class='ocrx_word' id='word_1_228' title='bbox 1032 2080 1163 2129; x_wconf 86' lang='lat' dir='ltr'>colori,</span> 
     </span>
    </p>

    <p class='ocr_par' dir='ltr' id='par_1_3' title="bbox 338 2150 1328 2208">
     <span class='ocr_line' id='line_1_28' title="bbox 338 2150 1328 2208; baseline 0.002 -18"><span class='ocrx_word' id='word_1_229' title='bbox 338 2157 380 2191; x_wconf 93' lang='lat' dir='ltr'>ut</span> <span class='ocrx_word' id='word_1_230' title='bbox 405 2150 498 2191; x_wconf 90' lang='lat' dir='ltr'>nihil</span> <span class='ocrx_word' id='word_1_231' title='bbox 524 2151 898 2200; x_wconf 14' lang='lat' dir='ltr'>intersit,rDavusne</span> <span class='ocrx_word' id='word_1_232' title='bbox 929 2153 1109 2208; x_wconf 88' lang='lat' dir='ltr'>loquatur</span> <span class='ocrx_word' id='word_1_233' title='bbox 1136 2160 1174 2194; x_wconf 92' lang='lat' dir='ltr'>et</span> <span class='ocrx_word' id='word_1_234' title='bbox 1202 2154 1328 2193; x_wconf 86' lang='lat' dir='ltr'>audax</span> 
     </span>
    </p>

    <p class='ocr_par' dir='ltr' id='par_1_4' title="bbox 337 2223 1300 2279">
     <span class='ocr_line' id='line_1_29' title="bbox 337 2223 1300 2279; baseline 0.002 -16"><span class='ocrx_word' id='word_1_235' title='bbox 337 2223 495 2279; x_wconf 88' lang='lat' dir='ltr'>Pythias</span> <span class='ocrx_word' id='word_1_236' title='bbox 523 2230 704 2265; x_wconf 90' lang='lat' dir='ltr'>emuncto</span> <span class='ocrx_word' id='word_1_237' title='bbox 731 2225 879 2266; x_wconf 85' lang='lat' dir='ltr'>lucrata</span> <span class='ocrx_word' id='word_1_238' title='bbox 907 2225 1072 2266; x_wconf 90' lang='lat' dir='ltr'>Simone</span> <span class='ocrx_word' id='word_1_239' title='bbox 1105 2226 1300 2273; x_wconf 88' lang='lat' dir='ltr'>talentum,</span> 
     </span>
    </p>

    <p class='ocr_par' dir='ltr' id='par_1_5' title="bbox 157 2296 1518 2568">
     <span class='ocr_line' id='line_1_30' title="bbox 338 2296 1283 2351; baseline 0 -15"><span class='ocrx_word' id='word_1_240' title='bbox 338 2311 387 2336; x_wconf 88' lang='lat' dir='ltr'>an</span> <span class='ocrx_word' id='word_1_241' title='bbox 414 2301 546 2336; x_wconf 87' lang='lat' dir='ltr'>custos</span> <span class='ocrx_word' id='word_1_242' title='bbox 574 2296 824 2351; x_wconf 77' lang='lat' dir='ltr'>famulusque</span> <span class='ocrx_word' id='word_1_243' title='bbox 855 2299 915 2338; x_wconf 89' lang='lat' dir='ltr'>dei</span> <span class='ocrx_word' id='word_1_244' title='bbox 945 2298 1100 2338; x_wconf 88' lang='lat' dir='ltr'>Silenus</span> <span class='ocrx_word' id='word_1_245' title='bbox 1129 2298 1283 2337; x_wconf 88' lang='lat' dir='ltr'>alumni.</span> 
     </span>
     <span class='ocr_line' id='line_1_31' title="bbox 157 2368 1518 2426; baseline -0.001 -16"><span class='ocrx_word' id='word_1_246' title='bbox 157 2369 211 2410; x_wconf 89' lang='lat' dir='ltr'>lbi</span> <span class='ocrx_word' id='word_1_247' title='bbox 240 2369 341 2409; x_wconf 88' lang='lat' dir='ltr'>enim</span> <span class='ocrx_word' id='word_1_248' title='bbox 370 2369 455 2423; x_wconf 91' lang='lat' dir='ltr'>quis</span> <span class='ocrx_word' id='word_1_249' title='bbox 490 2373 548 2409; x_wconf 89' lang='lat' dir='ltr'>est</span> <span class='ocrx_word' id='word_1_250' title='bbox 582 2368 672 2423; x_wconf 88' lang='lat' dir='ltr'>quin</span> <span class='ocrx_word' id='word_1_251' title='bbox 709 2369 911 2426; x_wconf 86' lang='lat' dir='ltr'>intelligat,</span> <span class='ocrx_word' id='word_1_252' title='bbox 953 2371 1049 2410; x_wconf 86' lang='lat' dir='ltr'>servi</span> <span class='ocrx_word' id='word_1_253' title='bbox 1084 2383 1130 2410; x_wconf 82' lang='lat' dir='ltr'>ac</span> <span class='ocrx_word' id='word_1_254' title='bbox 1164 2369 1332 2410; x_wconf 87' lang='lat' dir='ltr'>lascivae</span> <span class='ocrx_word' id='word_1_255' title='bbox 1366 2369 1518 2426; x_wconf 80' lang='lat' dir='ltr'>puellae</span> 
     </span>
     <span class='ocr_line' id='line_1_32' title="bbox 159 2443 1517 2497; baseline -0.001 -15"><span class='ocrx_word' id='word_1_256' title='bbox 159 2444 393 2483; x_wconf 90' lang='lat' dir='ltr'>mentionem</span> <span class='ocrx_word' id='word_1_257' title='bbox 412 2443 552 2482; x_wconf 83' lang='lat' dir='ltr'>factam</span> <span class='ocrx_word' id='word_1_258' title='bbox 569 2456 666 2489; x_wconf 91' lang='lat' dir='ltr'>esse,</span> <span class='ocrx_word' id='word_1_259' title='bbox 689 2456 766 2482; x_wconf 91' lang='lat' dir='ltr'>non</span> <span class='ocrx_word' id='word_1_260' title='bbox 786 2448 830 2482; x_wconf 92' lang='lat' dir='ltr'>ut</span> <span class='ocrx_word' id='word_1_261' title='bbox 851 2445 1027 2483; x_wconf 82' lang='lat' dir='ltr'>universa</span> <span class='ocrx_word' id='word_1_262' title='bbox 1047 2444 1201 2482; x_wconf 90' lang='lat' dir='ltr'>omnino</span> <span class='ocrx_word' id='word_1_263' title='bbox 1220 2445 1350 2497; x_wconf 89' lang='lat' dir='ltr'>poesis</span> <span class='ocrx_word' id='word_1_264' title='bbox 1372 2443 1517 2483; x_wconf 86' lang='lat' dir='ltr'>comica</span> 
     </span>
     <span class='ocr_line' id='line_1_33' title="bbox 161 2514 1518 2568; baseline -0.002 -12"><span class='ocrx_word' id='word_1_265' title='bbox 161 2514 440 2557; x_wconf 85' lang='lat' dir='ltr'>describeretur</span> <span class='ocrx_word' id='word_1_266' title='bbox 476 2515 578 2565; x_wconf 90' lang='lat' dir='ltr'>(vide</span> <span class='ocrx_word' id='word_1_267' title='bbox 615 2515 731 2556; x_wconf 91' lang='lat' dir='ltr'>modo</span> <span class='ocrx_word' id='word_1_268' title='bbox 761 2530 796 2555; x_wconf 80' lang='lat' dir='ltr'>v,</span> <span class='ocrx_word' id='word_1_269' title='bbox 821 2516 901 2568; x_wconf 80' lang='lat'>94),</span> <span class='ocrx_word' id='word_1_270' title='bbox 948 2515 1016 2555; x_wconf 86' lang='lat' dir='ltr'>sed</span> <span class='ocrx_word' id='word_1_271' title='bbox 1052 2521 1094 2554; x_wconf 90' lang='lat' dir='ltr'>ut</span> <span class='ocrx_word' id='word_1_272' title='bbox 1128 2529 1198 2556; x_wconf 90' lang='lat' dir='ltr'>eae</span> <span class='ocrx_word' id='word_1_273' title='bbox 1228 2515 1518 2556; x_wconf 64' lang='lat' dir='ltr'>&gt;comoediarum</span> 
     </span>
    </p>
   </div>
  </div>
 </body>
</html>
