1669 2839
793 86 855 131 20

150 195 315 237 difficilia
342 208 447 238 nunc
475 197 591 236 etiam
628 196 822 244 videntur,
847 197 938 251 quin
966 195 1174 236 Horatiana
1196 197 1271 235 sint
1295 194 1408 236 hodie
1435 194 1504 234 vix

150 270 356 324 quisquam
383 268 547 309 dubitat:
575 273 613 307 at
639 269 676 308 in
693 266 873 309 -Leidensi
889 282 936 309 ac
947 268 1100 309 duobus
1121 265 1501 323 VanderburgiiEet

151 340 186 379 R
213 341 330 383 visit
357 340 540 392 scriptum
568 343 647 388 est,
687 352 804 393 quam
845 340 1074 394 scripturam
1103 338 1334 379 Mavortium
1364 338 1501 380 iisdem

154 412 234 451 fer-e
252 411 301 450 de
320 410 445 449 causis
464 409 692 463 praetulisse
720 410 911 458 existimo,
938 415 1097 465 propter
1119 423 1215 465 quas
1232 410 1304 464 ipsi
1322 407 1502 449 Bentleio

151 480 399 535 probabatur.
427 478 563 520 Simile
577 480 652 522 hoc
678 487 748 531 est,
776 481 880 536 quod
908 494 1026 521 carm.
1051 479 1115 521 lv.
1133 481 1171 520 4.
1189 480 1243 520 36
1266 480 1380 521 codd.
1395 478 1501 519 L'eid.

154 551 251 607 Reg.
277 552 309 593 E
328 565 407 592 non
434 551 721 594 indecorant
749 552 942 600 exhibent,
970 552 1074 607 quod
1102 557 1144 592 ut
1163 552 1407 592 verissimum
1431 555 1503 597 est,

151 625 205 664 ita
246 624 361 663 ctiam
404 622 505 662 bono
530 623 659 672 libro,
701 638 817 679 quem
846 624 879 664 B
914 623 1082 678 appellat
1116 622 1431 677 Vanderburgius
1474 620 1503 672 (l

152 709 188 750 p.
209 694 314 745 390),
341 694 568 742 defenditur,
595 695 664 735 sed
691 695 1005 736 dedecorant:
1034 694 1222 734 Mavortio
1236 693 1339 734 idem
1366 693 1504 748 opinor

153 766 358 813 accidisse,
398 766 502 819 quod
541 765 680 805 accidit
707 765 903 814 Bentleio,
944 770 987 805 ut
1012 765 1211 813 vocabuli,
1253 765 1363 805 cuius
1399 776 1502 804 nunc

153 850 272 876 unum
302 835 526 890 exemplum
555 836 603 876 ab
632 837 736 876 Attio
764 837 968 890 repetitur,
1006 850 1056 876 ne
1082 850 1202 876 unum
1229 836 1385 891 quidem
1411 847 1501 874 nos-

153 911 224 946 set.
280 904 485 946 Difficilius
527 912 586 947 est
628 907 677 946 de
715 906 791 946 hoc
830 905 917 946 loco
958 907 1129 947 iudicare
1168 920 1285 947 carm.
1304 905 1360 946 lll.
1387 906 1426 945 3.
1450 892 1503 944 34

149 979 344 1031 ¹ducere
384 980 548 1019 nectaris
576 978 731 1019 sucos':
770 978 823 1018 ibi
849 979 951 1019 enim
979 978 1182 1027 ducere,
1221 978 1326 1033 quod
1352 976 1502 1018 in-Ma·

151 1051 333 1090 vortianis
348 1052 421 1091 'dt
446 1048 554 1090 Leid.
571 1054 610 1089 et
629 1049 673 1098 E,
692 1062 795 1090 nunc
822 1049 904 1090 fere
930 1048 1126 1104 probatur,
1153 1055 1192 1090 at
1219 1048 1328 1089 multi
1346 1062 1391 1088 ac
1411 1047 1504 1087 satis

149 1122 228 1161 anti
282 1122 292 1132 ⁹
307 1121 394 1161 libri
420 1116 609 1161 discere
636 1113 930 1193 habentgtffi
947 1127 1100 1175 praeter
1115 1120 1398 1175 Vanderburgii
1416 1119 1502 1159 cod.

149 1191 184 1231 B
366 1192 559 1246 eginensis
578 1189 744 1230 exbibet.
773 1189 942 1231 Tantum
961 1196 1068 1231 certe
1084 1196 1254 1246 apparet,
1270 1190 1502 1230 Mavortium

151 1276 237 1302 eam
256 1263 617 1322 scripturam'ffltri,
644 1275 746 1316 quae
763 1261 882 1301 altera
901 1263 1018 1317 longe
1038 1262 1183 1303 facilior
1207 1267 1277 1310 est,
1303 1275 1350 1302 ac
1368 1262 1503 1307 fateor,

151 1332 243 1372 mihi
270 1346 459 1388 perquam
486 1331 644 1372 dubium
671 1333 801 1380 videri,
827 1346 876 1372 an
904 1334 1109 1382 discere,
1135 1333 1240 1388 quod
1259 1333 1398 1373 durum
1413 1335 1503 1370 'esse

150 1418 266 1444 nemo
293 1405 512 1459 negaverit,
554 1409 683 1444 tamen
711 1405 894 1459 patientia
930 1403 1178 1445 molliendum
1206 1407 1274 1445 sit:
1314 1409 1373 1443 est
1400 1403 1501 1442 enim

150 1475 430 1516 vocabulorum
444 1475 560 1515 nimia
588 1475 807 1524 similitudo,
834 1489 951 1530 quam
970 1480 1048 1515 ute
1064 1475 1226 1530 Cruquii
1252 1474 1404 1515 silentio
1417 1477 1501 1513 tuto

152 1546 337 1601 colligere
364 1546 490 1594 liceat,
518 1546 695 1587 ducere
730 1549 769 1587 in
799 1547 1009 1587 Blandiniis
1036 1548 1165 1587 fuisse.
1204 1546 1245 1587 In
1272 1547 1346 1587 hoc
1372 1552 1501 1585 tamen

149 1617 340 1658 facilitatis
367 1617 495 1656 studio
521 1617 681 1657 modum
704 1617 752 1657 ab
771 1617 837 1657 illo
856 1622 1052 1657 servatum
1077 1632 1163 1658 esse
1187 1622 1357 1674 apparet,
1380 1629 1500 1672 quum

149 1688 260 1729 multi
279 1688 493 1729 carminum
519 1688 595 1729 loci
612 1690 651 1729 in
671 1690 850 1730 omnibus
877 1690 1034 1729 omnino
1061 1689 1166 1729 libris
1184 1691 1235 1729 ita
1260 1689 1390 1743 scripti
1414 1688 1501 1739 sint,

148 1766 192 1800 ut
218 1774 267 1801 ne
293 1772 396 1800 nunc
424 1759 580 1814 quidem
609 1759 793 1815 explicari
832 1761 981 1816 possint
1014 1765 1198 1815 recteque
1225 1760 1396 1815 corrupti
1432 1759 1501 1799 ha-

146 1828 325 1869 beantur:
367 1835 407 1869 at
432 1831 471 1870 id
499 1831 656 1884 quidem
696 1831 920 1871 facillimum
948 1836 1041 1878 erat,
1079 1831 1356 1884 probabilitatis
1394 1829 1501 1871 nulla

145 1900 293 1941 ratione
318 1899 460 1950 habita,
485 1900 628 1957 aliquid
652 1901 703 1942 ibi
731 1903 966 1957 excogitare,
1006 1902 1111 1958 quod
1140 1901 1234 1957 ipsis
1266 1902 1381 1942 etiam
1408 1902 1501 1942 tiro-

144 1972 257 2012 nibus
285 1973 397 2012 facile
423 1972 629 2012 videretur.
673 1972 778 2023 Istae
795 1975 910 2029 igitur
936 1974 1189 2028 interpretum
1207 1986 1356 2022 cruces,
1381 1986 1501 2027 quum

141 2056 163 2083 a
189 2041 382 2084 Mavortio
409 2041 585 2084 sublatae
611 2057 690 2085 non
720 2045 813 2094 sint,
849 2047 943 2086 satis
970 2045 1252 2093 demonstrant,
1277 2044 1385 2085 illum
1421 2057 1499 2086 non

140 2113 254 2168 plane
278 2114 442 2155 licenter
469 2115 606 2169 egisse.
653 2117 704 2156 At
723 2122 806 2157 erat
823 2131 916 2158 sane
943 2117 1152 2157 necessitas
1171 2117 1279 2171 quasi
1307 2116 1498 2170 quaedam

142 2186 372 2227 emendandi
399 2187 472 2242 ipsi
499 2188 695 2242 imposita,
733 2189 764 2228 si
791 2188 945 2244 quando
974 2187 1118 2243 aliquid
1145 2187 1289 2237 aberat,
1317 2187 1423 2243 quod
1447 2187 1498 2228 ad

142 2270 277 2296 versus
312 2258 591 2312 perfectionem
629 2261 893 2299 necessarium
921 2259 1134 2300 videbatur.
1192 2258 1250 2299 Ex
1279 2272 1326 2299 eo
1352 2271 1496 2313 genere

140 2324 203 2365 hic
222 2341 359 2374 versus
388 2335 448 2369 est
474 2343 593 2370 carm.
623 2329 664 2371 ll.
682 2331 745 2370 20.
768 2331 816 2370 13
844 2333 937 2385 ‘iam
966 2330 1166 2371 Daedaleo
1203 2331 1334 2371 ocior
1359 2328 1496 2376 Icaro’,

135 2397 185 2438 de
214 2399 325 2438 cuius
356 2402 543 2455 scriptura
573 2401 745 2442 nondum
774 2403 865 2442 satis
893 2407 1065 2443 constat:
1107 2401 1336 2448 Mavortius,
1377 2414 1496 2455 quum

132 2468 281 2509 hiatum
317 2484 393 2510 non
431 2472 669 2512 tolerabilem
698 2473 903 2522 iudicaret,
944 2475 1109 2514 notior
1136 2474 1306 2527 scripsit,
1343 2473 1445 2528 quod
1473 2487 1495 2513 e
