1669 2839
771 90 864 137 *oo

149 198 386 254 homonyma
424 199 498 240 dici
537 200 750 256 potuisse?
777 201 878 243 Tota
919 203 1040 258 igitur
1069 202 1140 262 ista
1176 202 1224 242 de
1257 195 1502 267 homonymis

151 268 372 314 coniectura
408 273 574 322 reiecta,
614 272 801 317 Orellium
841 274 972 331 paullo
1001 276 1129 317 etiam
1157 254 1283 338 aptius
1309 275 1501 322 facturum

150 346 268 387 fuisse
288 345 476 393 existimo,
503 347 535 386 si
554 346 602 386 de
624 349 907 401 synonymis
928 348 1149 409 cogitasset,
1176 361 1409 403 quamquam
1426 347 1502 388 hoc

152 431 308 473 quoque
333 416 487 457 'falsum
515 418 677 459 videtur.
731 419 835 460 Nam
864 433 983 475 quum
1009 419 1284 475 intelligamus,
1314 418 1501 461 -Sto'icum

149 489 431 544 Damasippum
470 489 617 530 scelera
659 493 786 531 omnia
814 493 861 532 ad
900 493 1087 533 insaniam
1126 482 1335 540 rettulisse,
1375 504 1501 548 neque

151 567 280 602 tamen
306 561 377 610 ita,
419 566 462 602 ut
489 575 623 606 omnes
649 565 804 604 insanos
832 564 990 606 eosdem
1018 565 1134 604 etiam
1161 563 1371 605 sceleratos
1398 562 1501 617 dice-

151 640 227 674 ret:
256 638 430 689 apparet,
458 647 508 674 ex
529 622 630 676 illius
656 637 872 691 praeceptis
901 650 1015 677 omne
1044 636 1173 678 scelus
1190 637 1376 677 insaniam
1404 648 1501 683 esse,

151 721 230 749 non
258 720 411 748 omnem
439 708 625 749 insaniam
653 701 791 757 scelus,
819 714 935 764 atque
953 709 1063 751 illum
1090 709 1244 765 quidem
1261 708 1435 750 :scelus
1452 713 1501 755 et

154 785 439 838 commotam
467 786 673 823 mentem
699 795 776 822 non
796 782 918 837 magis
936 783 1342 838 potuisse‘synonyma
1361 781 1500 830 dicere,

153 868 270 908 quam
297 852 397 895 haec
422 869 444 896 a
472 868 667 909 quoquam
710 869 923 921 synonyma
959 855 1150 896 dicentur:
1192 853 1343 903 arbor,
1362 853 1500 909 palma,

152 926 276 994 pinuS‚
304 926 384 965 vel:
413 926 542 975 homo,
570 926 716 975 consul,
743 941 890 967 servus.
930 926 1062 982 Itaque
1081 932 1148 966 aut
1166 926 1400 967 credendum
1420 927 1500 974 erit,

154 997 322 1047 Stoicos,
342 999 391 1039 ad
410 999 533 1039 solam
561 999 876 1056 significationem
890 1000 1096 1042 verborum
1111 1000 1368 1057 respicientes,
1389 1013 1499 1054 prae—

157 1075 216 1110 ter
242 1069 479 1125 homonyma
508 1077 546 1111 et
573 1086 789 1126 synonyma
817 1079 855 1112 et
882 1087 945 1121 ea,
974 1086 1072 1128 quae
1100 1086 1123 1111 a
1149 1072 1407 1127 grammaticis
1434 1085 1500 1113 co-

156 1148 273 1199 gnata
308 1142 617 1198 appellabantur,
659 1145 759 1186 aliud
800 1145 994 1200 quoddam
1035 1141 1158 1200 genus
1191 1133 1499 1200 cognatorum

154 1214 436 1257 vocabuloruin
454 1208 641 1271 posuisse,
669 1219 795 1273 idque,
824 1232 943 1274 quum
960 1217 1071 1261 nobis
1089 1216 1181 1259 nihil
1201 1217 1248 1274 de
1271 1221 1498 1264 eoconstet,

154 1288 206 1327 ita
236 1287 326 1327 olim
354 1289 506 1337 notum,
549 1295 590 1329 ut
617 1291 655 1330 in
684 1292 856 1331 carmine
890 1305 967 1331 non
1004 1290 1095 1331 solis
1122 1290 1380 1346 grammaticis
1406 1289 1498 1347 scri-

153 1364 220 1414 pto
236 1362 442 1402 commode
457 1363 539 1402 eius
558 1363 701 1403 mentio
720 1362 802 1404 fieri
814 1365 1003 1420 potuerit:
1022 1367 1088 1403 aut
1104 1348 1430 1411 habebimusmur
1449 1361 1497 1402 de

156 1433 368 1487 scripturae
387 1436 548 1475 veritate
563 1435 792 1477 dubitemus.
820 1435 908 1477 Huc
922 1441 967 1476 ut'
982 1435 1138 1476 inclinet
1152 1436 1350 1483 sententia,
1378 1434 1497 1474 altera

151 1505 271 1545 vetiam
299 1520 415 1547 causa
444 1514 513 1548 est.
555 1506 620 1548 Illa
650 1509 750 1549 enim
773 1508 975 1557 vocabula,
1004 1522 1102 1563 quae
1129 1503 1271 1549 scimus
1297 1511 1497 1562 cognata

156 1578 258 1619 dicta
281 1594 378 1629 esse,
396 1581 484 1621 ideo
503 1572 556 1620 ita
577 1581 679 1620 dicta
702 1595 788 1621 esse
809 1587 978 1636 apparet,
1007 1581 1111 1635 quod
1131 1581 1255 1620 inter
1284 1594 1339 1619 se
1355 1592 1498 1634 cogna-

153 1652 257 1692 tione
272 1652 436 1707 quadam
451 1653 654 1693 coniuncta
669 1653 912 1694 videbantur:
932 1666 1031 1708 quae
1044 1652 1303 1707 Damasippus
1311 1650 1505 1707 simplici*

153 1729 212 1765 ter
226 1730 428 1781 cognata
444 1724 621 1780 appellat,
637 1740 681 1766 ea
696 1719 834 1781 quibus
849 1726 1020 1767 dicemus
1032 1730 1195 1782 cognata
1211 1721 1356 1764 fuisse?
1375 1721 1498 1771 Veris,

155 1799 301 1853 opinor,
330 1813 458 1839 rerum
484 1797 711 1839 nominibus.
752 1799 804 1839 At
830 1799 916 1854 quis
932 1797 1074 1847 credet,
1100 1797 1305 1838 Horatium
1324 1801 1400 1837 tam
1428 1796 1498 1836 ob-

153 1884 266 1911 scure
284 1872 516 1926 scripturum
540 1872 670 1920 fuisse,
699 1877 740 1911 ut
769 1876 973 1926 cognata
1007 1871 1162 1918 diceret,
1190 1884 1299 1924 quae,
1333 1870 1366 1909 si
1383 1882 1497 1909 accu-

154 1948 236 1983 rate
263 1943 368 1998 loqui
395 1942 568 1996 volebat,
611 1949 795 1998 ‘cognata
824 1944 924 1984 veris
964 1956 1087 1998 neque
1124 1947 1252 1982 tamen
1278 1943 1361 1997 ipsa
1387 1941 1497 1981 vera’

154 2015 314 2057 dicenda
342 2022 461 2056 erant.
515 2017 573 2057 Ac
600 2030 649 2056 ne
676 2030 813 2056 verum
841 2015 996 2070 quidem
1024 2020 1100 2064 est,
1128 2013 1243 2054 rebus
1271 2029 1321 2055 ex
1347 2014 1498 2070 vulgari

153 2089 430 2129 consuetudine
471 2088 660 2130 vocabula
698 2089 877 2143 imposita
918 2103 1003 2136 esse
1048 2089 1111 2129 iisv
1135 2077 1360 2143 cognata,
1397 2101 1497 2142 quae

152 2160 274 2202 Stoici
303 2160 384 2201 sola
410 2160 635 2215 probabant.
691 2161 900 2201 Sumamus
928 2161 1069 2216 aliquid
1088 2175 1110 2200 e
1128 2160 1353 2215 paradoxis:
1381 2162 1497 2201 doce-

150 2233 244 2275 bant
276 2233 346 2283 illi,
385 2234 489 2274 solos
522 2235 732 2288 sapientes,
769 2235 801 2274 si
828 2229 1080 2274 distortissimi
1121 2237 1267 2282 essent,
1306 2233 1497 2273 formosos

153 2321 249 2356 esse,
275 2309 306 2348 si
325 2307 615 2355 mendicissimi,
644 2307 799 2356 divites3
828 2320 917 2357 ⁴nos
945 2312 1090 2355 autem,
1119 2307 1183 2362 qui
1211 2306 1402 2361 sapientes
1419 2319 1496 2346 non

152 2395 299 2429 sumus,
324 2381 516 2436 fugitivoS,
544 2378 709 2428 exsules,
728 2379 871 2428 hostes,
896 2380 1051 2420 insanos
1069 2379 1232 2434 denique
1251 2391 1337 2419 esse
1356 2377 1496 2420 dicunt'

148 2453 247 2505 (Cic.
275 2465 345 2508 pro
360 2451 519 2496 Murena
547 2450 770 2504 c.29).1n
796 2452 855 2492 his
881 2451 1051 2507 vulgaris
1078 2451 1316 2491 consuetudo
1343 2450 1496 2491 Stoico-

147 2540 235 2567 rum
261 2524 429 2567 sermoni
455 2525 506 2564 ita
533 2523 722 2566 dissimilis
752 2529 839 2574 est,¹
866 2529 908 2565 ut
936 2523 1040 2565 nulla
1074 2523 1274 2565 oculorum
1303 2526 1416 2566 acies
1431 2523 1496 2565 vel
