1669 2839
797 37 891 124 Μ

281 332 360 373 Sat.
388 331 413 372 l.
440 332 477 372 4.
504 331 556 371 48
583 334 704 387 sqq.:v

858 407 897 442 at
922 407 1031 457 pater
1058 403 1197 443 ardens

357 476 490 525 saevit,
517 475 621 530 quod
648 476 849 516 meretrice
875 489 997 532 nepos
1022 476 1177 516 insanus
1204 476 1327 518 amica

356 548 455 589 filius
482 562 647 589 uxorem
673 549 806 604 grandi
833 563 922 589 cum
948 550 1037 589 dote
1065 554 1217 589 recuset

357 620 486 662 ebrius
507 628 556 670 et,
584 634 765 675 magnum
793 621 896 676 quod
924 620 1104 670 dedecusJ
1130 621 1300 663 ambulet
1325 627 1415 663 ante

355 699 512 736 noctem
539 705 627 733 cum
655 692 812 733 facibus.

174 766 382 824 Dup‘licem
410 779 565 807 causam
592 764 729 813 habeo,
757 777 826 805 cur
852 769 928 805 non
957 764 1129 813 credam,
1155 765 1251 806 haec
1278 768 1333 807 sic
1359 767 1406 807 ab
1432 766 1515 807 Ho-

175 841 271 881 ratio
298 840 438 894 scripta
467 850 565 885 esse,
594 849 825 891 quamquam
843 835 1119 877 recentioribus
1135 837 1405 894 interpretibus
1422 838 1515 881 nihil

173 914 211 954 in
232 913 277 953 iis
298 910 451 953 difficile
465 916 524 951 est
543 910 679 950 visum.
709 909 811 963 Quiq
826 908 901 949 uod
924 909 1039 957 aiunt,
1062 923 1179 964 nepo
1192 916 1281 951 tem
1301 917 1340 951 et
1359 912 1513 952 omnino

173 999 291 1041 saepe
318 986 366 1026 de
391 984 589 1038 luiturioso
616 981 771 1022 homine
798 982 887 1036 poni
906 986 944 1021 et
960 980 1035 1022 hoc
1061 981 1147 1023 loco
1166 981 1402 1039 ita'positum
1418 981 1514 1034 esse,

173 1073 219 1099 ea
247 1058 446 1105 sententia,
473 1040 614 1109 siquid
640 1055 765 1101 video,
793 1055 930 1108 partim
957 1056 1155 1095 verissima
1185 1062 1253 1105 est,
1282 1057 1418 1111 partim
1436 1070 1513 1097 non

172 1143 276 1170 vera.
316 1128 417 1169 Nam
446 1128 535 1184 quin
562 1126 711 1167 licuerit
737 1125 895 1167 Horatio
921 1127 973 1166 ita
999 1126 1189 1167 vocabulo
1216 1127 1281 1168 illo
1306 1129 1372 1178 uti,-
1399 1131 1512 1170 nemo

172 1202 285 1243 facile
326 1200 570 1241 dubitaverit:
611 1203 651 1238 at
687 1198 764 1239 hoc
797 1212 984 1253 perquam
1024 1197 1187 1241 dubium·
1220 1200 1312 1241 mihi
1351 1202 1513 1251 videtur,

171 1289 264 1315 num
290 1274 352 1314 hic
380 1273 534 1328 quidem
563 1276 709 1311 tantum
746 1270 844 1311 effici
870 1273 993 1326 possit
1020 1286 1063 1312 ea
1090 1273 1419 1328 interpretatione,
1459 1280 1513 1325 ut,

170 1348 234 1389 illa
262 1347 438 1394 admissa,
467 1345 593 1385 omnia
619 1349 726 1384 recte
752 1343 962 1398 procedant
988 1349 1103 1398 atque
1132 1345 1371 1386 cohaereant.
1416 1345 1514 1387 Nul—

172 1421 253 1461 lum
292 1419 395 1460 enim
433 1417 569 1458 vitium
597 1416 643 1456 ab
671 1416 880 1457 Horatiana
917 1417 1024 1471 poesi
1063 1416 1220 1458 alienius
1267 1433 1352 1459 esse
1399 1434 1514 1475 quam

173 1493 457 1538 obscuritatem,
484 1502 603 1543 quum
630 1489 923 1544 prudentissime
949 1491 1137 1529 monuerit
1149 1489 1355 1531 Suetonius
1380 1493 1418 1532 in
1437 1493 1514 1533 vita

171 1565 336 1613 Horatii,
363 1568 430 1603 aut
456 1560 795 1602 demonstrandum
826 1562 913 1609 erit,
954 1558 1047 1601 nihil
1071 1561 1121 1603 ibi
1149 1562 1355 1603 obscurum
1397 1570 1512 1619 atque

171 1637 394 1692 ambiguum
421 1648 518 1682 esse,
546 1638 610 1673 aut
629 1633 676 1673 de
691 1633 929 1673 librariorum
950 1632 1025 1674 fide
1045 1635 1304 1676 dubitandum.
1349 1634 1447 1677 Illud
1470 1643 1513 1678 ut

172 1709 424 1752 demonstrari
453 1707 574 1762 possit
592 1716 751 1746 vereon
783 1705 858 1756 Qui
880 1706 981 1746 enim
1007 1706 1154 1763 legerit,
1180 1713 1356 1763 patrem
1383 1711 1511 1764 gravi-

171 1789 228 1824 ter
253 1783 393 1822 iratum
427 1781 561 1827 fuisse,
601 1778 703 1833 quod
740 1792 892 1833 nepos
926 1780 1136 1819 meretricis
1163 1793 1294 1820 amore
1320 1782 1511 1831 insaniret,

171 1862 210 1897 et
228 1853 357 1910 paullo
385 1858 473 1908 post
500 1852 589 1891 filii
617 1851 852 1891 mentionem
879 1851 1020 1890 factam
1046 1851 1192 1899 viderit,
1219 1852 1261 1900 is,
1296 1854 1366 1893 nisi
1390 1853 1512 1903 fallor,

170 1933 350 1984 nepotem
372 1925 420 1966 de
444 1923 509 1965 filii
534 1923 611 1964 filio
626 1924 920 1979 interpretatus,
947 1924 984 1965 in
1006 1924 1250 1979 sequentibus
1273 1925 1512 1981 exspectabit

169 2006 364 2043 narratum
390 1999 445 2047 iri,
475 1997 612 2052 quibus
640 1999 821 2038 conviciis
847 1997 944 2037 filius
972 2012 993 2037 a
1021 2002 1127 2052 patre
1153 1997 1354 2038 lacessitus
1386 2000 1510 2048 suerit,

172 2074 274 2131 quod
289 2073 327 2112 in
344 2084 413 2112 suo
429 2070 505 2111 filio
528 2070 781 2112 custodiendo
808 2075 886 2112 tam
906 2069 1105 2130 negligens
1124 2076 1235 2111 esset.
1270 2070 1300 2111 F
1309 2071 1421 2112 ilius
1442 2086 1510 2113 au-

170 2154 249 2189 tem
274 2159 392 2201 quum
417 2148 569 2199 praeter
596 2148 743 2197 patrem
765 2158 810 2183 ac
830 2148 1011 2197 nepotem
1023 2147 1346 2184 commemoratus
1360 2145 1419 2194 sit,
1443 2159 1512 2201 ap-

172 2225 289 2275 paret,
302 2218 363 2258 hic
379 2215 534 2271 quidem
548 2215 710 2255 eundem
726 2215 918 2256 hominem
934 2215 1070 2255 eodem
1084 2215 1163 2255 iure
1180 2221 1218 2255 et
1235 2221 1413 2271 patrem
1436 2217 1511 2257 dici

171 2291 342 2349 potuisse
359 2294 397 2330 et
415 2300 561 2329 avum.
589 2287 719 2340 Quare
732 2302 808 2329 non
821 2287 949 2328 licebit
961 2288 1009 2328 ad
1024 2287 1254 2330 simillimum
1267 2288 1368 2329 hunc
1379 2289 1509 2330 locum

172 2376 386 2422 provocare
421 2368 488 2402 sat.
509 2360 550 2401 11.
585 2361 682 2401 1.53
713 2361 903 2410 ‘Scaevae
940 2361 1112 2402 vivacem
1140 2362 1254 2403 crede
1273 2362 1401 2418 nepoti
1428 2376 1508 2403 ma-

173 2437 293 2487 trem’,
316 2436 381 2491 qui
395 2435 597 2491 ambiguus
611 2449 688 2476 non
708 2437 778 2483 est,
802 2447 918 2488 quum
933 2434 979 2475 de
1005 2434 1086 2475 sola
1106 2440 1226 2475 matre
1245 2436 1404 2489 cogitari
1418 2450 1509 2492 pos-

172 2513 234 2562 sit,
261 2524 341 2553 non
357 2509 453 2550 item
479 2506 526 2549 de
552 2508 646 2548 avia.
684 2507 742 2550 Ea
763 2507 945 2550 dubitatio
965 2523 1084 2563 quum
1102 2507 1247 2549 dudum
1264 2506 1355 2549 mihi
1375 2508 1510 2550 oborta
