1669 2839
762 185 768 193 ,

655 189 705 215 ὴν,
738 204 748 214 n

851 426 861 434 Α,
947 424 952 432 .

753 472 758 473 ⁷
788 460 844 487 *⁶15²
872 472 877 473 ⁷

199 566 321 620 Epist.
350 563 373 602 I.
406 564 462 602 17.
496 563 510 600 l
543 560 625 616 sqq·

249 635 445 689 Quamvis,
473 632 635 681 Scaeva,
662 633 754 673 satis
780 647 849 688 per
876 637 913 674 te
939 631 1006 673 tibi
1032 634 1198 676 consulis
1224 643 1262 677 et
1289 640 1374 688 scis,

248 720 324 763 quo
353 706 508 747 tandem
534 692 651 759 pacto
676 705 1042 761 deceatmaioribus
1069 709 1135 755 uti,

250 780 367 825 disce,
394 776 592 817 docendus
618 776 744 816 adhuc
769 790 867 831 quae
894 783 1025 817 censet
1051 780 1246 820 amiculus.

101 852 218 892 Miror
243 851 521 906 apertissimam
548 846 823 902 corruptelam,
858 848 1106 903 quavlaborat
1132 852 1321 893 secundus
1347 856 1427 909 epi·

101 922 221 962 stolae
254 935 408 970 versus,
449 926 530 959 tam
569 919 633 959 diu
660 918 724 958 vel
749 919 796 959 ab
825 919 976 975 optimis
1013 921 1220 961 editoribus
1245 924 1331 963 ferri
1358 939 1428 979 po-

102 995 231 1035 tuisse.
284 993 488 1034 Tandem
516 992 617 1048 enirn
645 1005 762 1046 quum
800 997 950 1032 constet
981 981 1236 1047 impatientius
1270 997 1429 1038 interro*-

102 1067 224 1121 gantis
252 1079 355 1113 esse,
389 1066 638 1118 interpretes,
674 1067 719 1102 ut
744 1062 922 1103 vocabuli
955 1064 1032 1103 vim
1057 1063 1240 1105 illibatam
1266 1075 1428 1119 servent,

102 1137 342 1177 falsissimam
368 1135 444 1177 loci
481 1134 772 1190 explicationem
806 1137 1154 1176 comminiscuntur.
1206 1138 1429 1182 Adscribam

103 1208 234 1249 Orellii
252 1209 380 1257 verba,
409 1207 546 1263 quibus
565 1213 781 1248 ceterorum
808 1207 1081 1261 disputationes
1102 1208 1313 1251 simillimae
1330 1218 1429 1253 sunt.

103 1281 137 1321 Is
162 1282 296 1336 igitur:
336 1279 568 1334 ‘tandemss
609 1280 746 1334 inquit,
774 1281 827 1333 ‘in
853 1278 926 1318 hac
951 1280 1246 1334 interrogatione
1278 1283 1430 1338 obliqua

104 1351 304 1408 significat,
347 1366 433 1393 cum
472 1350 748 1407 potentioribus
782 1355 887 1391 recte
922 1351 1065 1390 versari
1090 1366 1171 1392 rem
1204 1368 1289 1395 esse
1317 1355 1430 1397 valde

106 1424 318 1475 difficilem?
370 1424 440 1463 Est
467 1437 559 1463 sane
587 1423 821 1471 difficillima,
847 1437 973 1477 neque
998 1424 1155 1463 mirarer
1180 1427 1374 1479 equidem,
1401 1431 1433 1469 si

107 1497 265 1537 dixisset
282 1495 475 1547 Horatius,
503 1495 694 1535 Scaevam
721 1499 809 1549 post
833 1496 960 1535 irritos
986 1501 1146 1536 conatus
1169 1496 1433 1553 haudspaucos

106 1573 235 1607 tamen
262 1568 387 1606 denuo
429 1567 745 1619 quaesivisse,
785 1566 874 1618 quid
902 1566 1088 1604 tandem
1120 1566 1190 1605 sibi
1217 1569 1431 1611 faciendum

110 1644 229 1679 esset:
256 1652 345 1678 nam
372 1637 576 1692 plurimum
596 1638 673 1677 fere
698 1636 864 1677 efficiunt
891 1636 1120 1690 quaerendo,
1147 1638 1211 1692 qui
1238 1652 1326 1679 cum
1352 1655 1432 1682 ma·

110 1726 184 1767 gna
224 1710 428 1765 quaerendi
468 1711 646 1765 patientia
688 1708 876 1764 quandam
911 1708 1125 1748 inveniendi
1163 1711 1435 1765 impatientiam

111 1784 357 1837 coniungunt.
408 1781 484 1822 Ubi
510 1796 601 1821 vero
643 1786 730 1836 post
770 1780 985 1820 diuturnam
1021 1781 1349 1836 investigationem
1385 1786 1434 1829 ad

112 1859 257 1893 certam
282 1852 440 1893 alicuius
459 1854 513 1892 rei
530 1847 726 1892 scientiam
751 1853 1004 1906 pervenimus,
1031 1852 1157 1897 nullus
1178 1854 1433 1908 impatientiae

113 1924 221 1965 loeus
239 1929 316 1964 est:
344 1929 432 1964 sunt
450 1925 551 1964 enim
570 1925 606 1964 in
626 1924 780 1964 scientia
808 1923 949 1971 sedata,
976 1922 1186 1976 tranquilla,
1212 1931 1348 1979 pacata
1366 1922 1439 1967 dess

115 1997 229 2049 nique
265 1996 407 2043 omnia,
446 1996 551 2049 quod
577 1996 615 2035 ni
640 1996 690 2033 ita
718 1992 837 2041 esset,
878 2000 1015 2049 quotus
1042 1995 1203 2049 quisque
1230 1999 1436 2050 quaerendi

116 2065 287 2105 laborem
313 2064 521 2106 toleraret?
554 2066 684 2121 Itaque
712 2066 867 2116 ‘scire,
896 2066 983 2121 quid
1010 2067 1195 2107 tandem
1222 2069 1436 2112 faciendum

118 2135 183 2175 sit'
210 2149 334 2190 neque
359 2135 493 2176 Latine
527 2138 681 2186 dicitur,
720 2151 843 2192 neque
882 2138 1017 2177 rationi
1043 2145 1338 2181 consentaneum
1365 2137 1443 2184 est(

120 2208 287 2249 Peccant
326 2212 454 2247 autem
485 2209 710 2263 interpretes
750 2210 862 2250 etiam
902 2208 994 2258 hoc,
1027 2210 1129 2264 quod
1154 2208 1192 2250 in
1231 2212 1312 2265 ipsa
1352 2228 1440 2256 sen-

123 2280 241 2340 tentia
267 2277 489 2332 explicanda
526 2293 660 2333 parum
698 2282 847 2321 curiose
887 2286 1092 2321 versantur.
1145 2283 1331 2336 Apparet,
1369 2287 1440 2326 nisi

126 2351 246 2401 fallor,
274 2351 321 2392 de
342 2349 497 2399 ratione,
524 2364 597 2404 qua
624 2352 829 2394 maioribus
856 2352 1037 2394 utendum
1064 2353 1121 2401 sit,
1148 2353 1240 2394 nihil
1266 2357 1442 2399 universe

94 2451 103 2457 ,
128 2424 294 2478 praecipi
331 2434 459 2476 posse,
499 2421 567 2472 sed
600 2421 739 2461 debere
776 2424 859 2478 ipsa
890 2424 952 2464 illa
987 2430 1189 2480 praecepta
1216 2441 1294 2469 non
1319 2429 1445 2470 minus

100 2505 101 2508 ’
130 2493 280 2536 diversa
307 2507 402 2542 esse,
427 2505 542 2548 quam
568 2492 716 2534 diversa
737 2499 794 2534 est
811 2510 943 2536 eorum
970 2496 1147 2546 conditio,
1174 2498 1311 2554 quibus
1337 2514 1445 2555 prae—

1182 2570 1206 2607 9
