1669 2839
754 47 908 139 ⁸⁹⁷120

193 203 345 241 datione
373 206 439 241 aut
464 203 577 258 plane
605 202 885 257 desperandum
916 204 998 253 erit,
1026 208 1091 249 aut
1115 217 1137 242 a
1157 201 1318 252 Bentleii
1347 204 1533 244 sententia

193 274 477 315 discedendum.
531 274 606 326 Qui
630 275 785 315 sirecte
813 276 1019 323 statuisset,
1048 273 1180 335 ‘lactes
1209 288 1258 315 ex
1284 273 1414 330 glossa
1440 276 1533 316 irre-

193 348 314 401 psisse
330 353 368 387 et
386 347 628 395 vocabulum,
655 348 759 402 quod
779 347 965 388 Horatius·
979 352 1171 402 posuerat,
1200 347 1418 396 extrusisse,
1441 347 1533 389 lice-

192 424 251 458 ret
276 417 404 466 verba,
433 433 531 473 quae
560 419 728 459 trochaei
756 420 863 474 pedis
893 428 1068 469 mensura
1104 418 1357 467 continentur,
1386 425 1532 462 tantum

192 503 268 530 non
309 491 435 531 omnia
470 491 518 531 ad
546 491 856 532 emendationem
879 489 1069 538 adhibere,
1112 504 1187 546 quo
1229 504 1414 544 concesso
1455 504 1533 532 non

192 562 317 601 solum
345 563 391 602 de
419 564 597 611 veritate,
631 565 699 604 sed
726 579 773 604 ne
802 565 848 604 de
876 561 1142 618 probabilitate
1169 564 1323 617 quidem
1352 564 1532 604 emenda-

192 633 305 673 tionis
332 635 468 674 certari
497 649 610 689 posse
638 641 806 690 apparet.
852 634 969 690 quue
991 648 1060 675 suo
1090 634 1267 689 exemplo
1295 632 1533 677 confirmavit

195 706 251 745 vir
277 720 467 746 summus:
506 708 623 761 ipsius
658 708 757 747 enim
786 708 1029 748 coniecturae
1055 708 1148 756 ‘iam
1176 706 1323 745 mane'
1349 705 1412 745 vel
1438 706 1530 759 ‘iam

193 791 242 831 sp
254 777 378 817 onte'
404 791 530 832 neque
557 778 629 833 ipsi
649 778 864 819 admodum
892 777 1108 833 probabiles
1136 781 1224 818 sunt
1251 777 1371 825 visae,
1404 790 1530 833 neque

191 848 274 888 aliis
312 849 550 889 videbuntur.
611 849 732 889 Recte
772 852 887 904 igitur
925 851 1187 898 existimarunt
1214 850 1457 895 recentiores,
1493 853 1530 889 in

190 919 264 960 hoc
293 921 405 960 etiam
434 920 519 961 loco
547 921 736 971 sanando,
765 922 963 963 communi
986 920 1071 977 lege
1099 924 1262 968 servata,
1289 920 1328 960 id
1354 925 1531 975 spectan-

191 994 282 1033 dum
310 1008 406 1040 esse,
435 999 475 1033 ut
502 994 717 1034 emendatio
745 1009 859 1048 quam
887 995 1062 1049 proxime
1090 993 1242 1033 abesset
1269 992 1316 1032 ab
1340 994 1385 1032 iis
1403 993 1532 1032 litera-

190 1079 275 1107 rum
304 1066 495 1115 ductibus,
537 1067 600 1122 qui
629 1068 800 1122 expressi
834 1072 922 1122 sunt
949 1081 970 1107 a
996 1065 1169 1107 librariis.
1222 1065 1417 1108 Satisfecit
1442 1064 1531 1107 huic

189 1140 265 1193 legi
284 1139 564 1187 Lachmannus,
593 1153 711 1193 quum
731 1140 976 1178 scribendum
994 1140 1175 1178 iudicavit
1199 1137 1292 1193 ,iam
1321 1138 1528 1190 (mactel)

192 1210 394 1267 depulsum
435 1209 623 1251 leonem':
652 1215 691 1250 at
717 1224 765 1251 ne
803 1209 878 1252 hoc
919 1211 1073 1266 quidem
1114 1212 1321 1252 acutissimi
1347 1211 1427 1259 viri,
1468 1211 1529 1251 cui

189 1284 417 1323 emendandi
445 1285 642 1337 negotium
669 1297 854 1337 persaepe
879 1283 1148 1329 admirabiliter
1181 1285 1305 1331 cessit,
1331 1285 1528 1323 inventum

187 1355 327 1406 ullum,
355 1356 458 1412 quod
486 1357 621 1405 sciam,
650 1361 853 1412 patronum
880 1357 1047 1398 nancisci
1074 1358 1206 1413 potuit.
1262 1351 1387 1399 Hodie
1414 1357 1530 1413 igitur

186 1428 358 1483 plerique
396 1442 547 1476 eorum,
589 1429 652 1481 qui
691 1428 820 1467 locum
860 1435 1081 1483 corruptum
1109 1423 1199 1470 esse*
1221 1429 1454 1483 intelligunt,
1492 1430 1529 1468 in

187 1498 343 1542 Kusteri
382 1500 600 1541 coniectura
642 1501 891 1555 acquiescunt
917 1501 966 1541 ita
996 1500 1194 1541 scribentis
1222 1502 1314 1556 ‘iam
1342 1502 1529 1557 iamque

188 1564 391 1628 depulsum
417 1572 570 1611 leonem
609 1573 723 1611 dente
764 1586 866 1625 novo
902 1573 1068 1626 peritura
1095 1573 1210 1613 vidit?
1264 1575 1332 1615 Est
1360 1590 1404 1614 ea
1433 1577 1528 1615 scite

186 1645 403 1700 excogitata
432 1657 476 1685 ac
506 1643 590 1684 talis
618 1645 790 1692 omnino,
825 1649 865 1683 ut
892 1643 1028 1687 leviter
1055 1644 1158 1684 illam
1186 1645 1383 1701 stropham
1409 1647 1527 1703 inspi—

184 1717 297 1757 cienti
323 1730 558 1776 magnopere
587 1715 737 1770 placere
770 1718 911 1771 possit:
952 1722 990 1756 at
1019 1719 1212 1758 evanescit
1252 1719 1526 1774 probabilitatis

182 1791 342 1844 species,
372 1802 489 1844 quum
519 1787 665 1843 singula
693 1790 907 1829 accuratius
937 1791 1210 1832 examinantur.
1254 1790 1347 1832 Mihi
1367 1793 1467 1832 enim
1486 1793 1524 1833 in

181 1875 295 1901 verae
321 1860 496 1900 lectionis
514 1860 1086 1915 inquisitioneproficiscendum
1116 1863 1264 1903 videtur
1291 1864 1391 1911 inde,
1420 1866 1522 1920 quod

181 1947 318 1988 caprea
346 1933 473 1987 ‘laetis
500 1933 653 1986 pascuis
681 1933 883 1972 intenta'
912 1934 1059 1974 dicitur.
1096 1935 1205 1987 Quae
1231 1951 1350 1991 quum
1379 1937 1521 1977 scribe-

180 2010 255 2054 ret,
293 2006 324 2044 si
351 2003 443 2045 nihil
470 2010 682 2059 spectasset
709 2004 908 2054 Horatius,
951 2007 1020 2046 nisi
1049 2013 1092 2048 ut
1118 2014 1269 2049 ornaret
1297 2009 1520 2058 orationem,

180 2079 305 2121 minus
332 2079 419 2118 forti
446 2076 636 2117 vocabulo
665 2091 753 2118 eum
781 2092 939 2119 usurum
967 2081 1084 2120 fuisse
1112 2083 1305 2122 existimo:
1346 2096 1434 2123 nam
1462 2083 1520 2122 in-

179 2154 307 2194 tentus
333 2149 445 2192 alicui
474 2150 527 2188 rei
555 2150 707 2208 proprie
734 2151 766 2190 is
795 2151 947 2200 dicitur,
977 2154 1039 2208 qui
1070 2152 1246 2195 omnibus
1274 2158 1312 2192 et
1339 2154 1451 2194 animi
1481 2159 1519 2194 et

179 2223 349 2277 corporis
376 2221 520 2265 viribus
548 2223 736 2263 contentis
763 2228 867 2264 totus
887 2224 925 2263 in
945 2238 989 2265 ea
1017 2230 1086 2273 est,
1113 2226 1165 2265 ita
1185 2231 1227 2264 ut
1246 2239 1390 2274 eorum,
1418 2241 1517 2281 quae

179 2293 278 2335 circa
306 2307 348 2333 se
375 2298 573 2349 gerantur,
614 2293 726 2349 plane
768 2294 1022 2339 obliviscatur.
1075 2295 1179 2339 Talis
1206 2297 1276 2337 fuit
1300 2297 1363 2339 ille
1390 2297 1516 2340 Hora-

176 2365 302 2410 tianus
340 2378 500 2422 auceps,
543 2367 607 2427 qui
635 2367 808 2420 ⁸merulis
848 2369 1061 2410 intentus
1102 2370 1243 2410 decidit
1280 2372 1318 2424 in
1354 2376 1513 2425 puteum
1565 2413 1571 2425 1,

174 2437 396 2479 foveamve'
426 2440 473 2489 (a.
490 2454 527 2494 p.
541 2440 643 2491 458),
673 2444 711 2478 et
730 2439 899 2484 similiter
914 2441 1162 2497 explicandus
1190 2447 1247 2482 est
1273 2443 1381 2482 locus
1403 2450 1472 2484 sat.
1488 2443 1513 2486 l.

169 2511 204 2554 5.
232 2508 293 2550 84.
349 2509 460 2565 Quae
492 2525 608 2567 quum
643 2513 695 2555 ita
722 2512 816 2564 sint,
856 2515 887 2554 si
915 2527 1053 2572 caprea
1087 2514 1152 2556 illa
1178 2516 1216 2555 in
1243 2514 1362 2559 altera
1402 2516 1512 2560 vallis
