1669 2839
805 110 833 154 3

150 227 270 279 patet,
299 219 475 282 saltuque
503 233 547 258 ea
576 220 763 274 attingere
787 220 1041 268 conabimur,
1070 221 1116 259 ad
1146 218 1244 274 quae
1280 222 1490 262 adscensus

148 293 276 343 nullus
303 297 375 331 est.
1462 280 1466 285 ⁴

250 363 392 403 Certos
418 362 533 416 igitur
559 361 665 409 fines,
705 362 802 401 intra
830 376 929 416 quos
950 362 1095 403 Horatii
1118 364 1339 403 emendatio
1365 365 1491 405 subsi-

147 440 248 474 stere
276 433 427 481 debeat,
454 431 579 479 nullos
607 446 679 488 ego
707 433 831 481 video,
859 435 930 474 nisi
955 448 1054 489 quos
1075 435 1157 488 ipsa
1176 436 1272 475 ratio
1299 436 1490 476 describit.

146 505 199 546 Ut
227 505 327 544 enim
356 508 534 557 suspecta
563 517 695 543 eorum
723 504 928 544 liberalitas
951 511 1021 552 est,
1050 507 1115 558 qui
1137 508 1260 559 poetis
1286 506 1431 560 ubique
1444 496 1490 546 ea

147 574 385 615 obtrudenda
413 588 499 613 esse
525 573 771 621 arbitrantur,
800 588 898 628 quae
923 575 1015 629 ipsis
1043 575 1203 629 pulchra
1229 581 1295 615 aut
1320 576 1488 630 pulchris

146 644 261 688 etiam
301 645 519 700 pulchriora
547 646 741 693 videntur,
787 647 838 685 ita
866 659 952 684 eam
984 648 1139 686 nimiam
1180 648 1306 686 iudico
1341 649 1488 701 patien-

145 719 255 765 tiam,
292 718 322 756 si
352 717 436 771 quis
464 717 668 770 quicquam
697 716 744 755 ab
766 716 928 756 Horatio
956 718 1068 758 scribi
1097 720 1267 772 potuisse
1298 718 1369 757 sibi
1400 732 1488 772 per·

145 789 315 835 suadeat,
344 787 447 841 quod
476 800 565 826 cum
592 793 696 827 recta
724 789 868 827 ratione
894 795 1051 842 pugnet.
1097 788 1137 827 In
1158 788 1406 828 emendandis
1430 790 1487 836 iis,

144 872 245 913 quae
279 863 458 912 corrupta
493 871 578 897 esse
606 871 656 897 ex
682 859 869 897 eiusmodi
902 861 1233 913 argumentatione
1266 865 1436 913 apparet,
1462 874 1485 899 e

143 930 366 984 vulgaribus
406 930 495 968 artis
527 932 742 983 praeceptis
780 944 823 969 ea
859 930 1072 969 adhibenda
1109 936 1216 976 sunt,
1256 943 1355 982 quae
1392 944 1486 969 usus

144 1000 400 1041 confirmavit:
443 999 643 1039 Blandinio
672 1001 837 1053 denique
861 1000 959 1039 libro
986 1000 1192 1054 plurimum
1220 1000 1334 1040 debet
1360 1001 1484 1050 tribui,

142 1072 191 1109 ita
220 1076 349 1109 tamen
374 1075 416 1108 ut
450 1070 736 1108 meminerimus
760 1071 868 1109 illum
910 1072 1025 1109 etiam
1062 1071 1182 1109 tribus
1216 1071 1279 1111 vel
1305 1078 1485 1125 quattuor

141 1147 230 1197 post
244 1141 446 1181 Horatium
464 1139 604 1180 seculis
618 1147 816 1181 exaratum
836 1155 933 1190 esse,
951 1142 1099 1197 ipsique
1115 1140 1308 1182 Prisciano
1328 1147 1486 1197 propter

141 1214 325 1253 librorum
353 1213 647 1266 discrepantiam
675 1228 752 1253 non
779 1213 920 1267 ubique
949 1215 1177 1261 constitisse,
1203 1215 1294 1266 quid
1309 1215 1482 1268 scripsis-

141 1289 201 1325 set
226 1289 340 1338 poeta
368 1283 507 1334 (Bentl.
536 1284 583 1323 ad
611 1297 726 1322 carm.
754 1283 812 1323 ΙΙΙ.
844 1286 901 1322 17.
926 1285 979 1335 4).
1034 1283 1190 1323 Praeter
1224 1284 1321 1323 llaec
1357 1298 1482 1338 pauca

141 1356 243 1395 haud
271 1354 381 1394 facile
409 1355 613 1407 quicquam
647 1355 825 1394 universe
858 1355 1027 1408 praecipi
1061 1356 1247 1407 potuerit,
1284 1359 1400 1408 atque
1426 1360 1484 1394 est

141 1441 186 1467 ea
214 1427 532 1472 coniecturarum,
569 1438 667 1479 quae
700 1431 898 1473 vocantur,
932 1430 1079 1471 natura,
1116 1431 1157 1464 ut
1184 1425 1358 1480 singulae
1391 1439 1483 1465 exa-

141 1499 342 1537 minandae
379 1498 464 1543 sint,
492 1510 619 1550 neque
646 1497 710 1550 qui
738 1497 896 1536 alteram
924 1496 1154 1549 probaverit,
1181 1510 1257 1536 non
1285 1498 1407 1550 possit
1436 1498 1483 1536 de

141 1569 259 1608 altera
287 1569 497 1608 dissentire.
538 1568 653 1619 Quod
681 1582 798 1622 quam
826 1581 961 1606 verum
988 1568 1052 1615 sit,
1081 1568 1144 1607 vel
1171 1568 1297 1607 solum
1317 1568 1483 1608 Bentleii

141 1639 362 1693 exemplum
372 1639 630 1679 demonstrat:
652 1653 741 1679 nam
757 1640 787 1678 si
800 1639 846 1678 ab
863 1640 907 1678 iis
922 1640 1237 1693 disputationibus
1253 1640 1484 1687 discesseris,

141 1711 279 1765 quibus
304 1710 368 1749 ille
395 1713 651 1764 antiquiorum
685 1711 861 1750 codicum
895 1712 1163 1750 auctoritatem
1198 1717 1329 1751 contra
1364 1718 1483 1750 teme-

139 1783 276 1822 rariam
306 1783 644 1836 grammaticorum
676 1783 869 1822 licentiam
904 1783 955 1821 ita
984 1783 1167 1830 defendit,
1203 1788 1244 1822 ut
1271 1796 1386 1821 nemo
1414 1781 1484 1821 du-

140 1853 259 1892 bitare
284 1854 405 1907 possit
433 1854 524 1907 quin
551 1855 763 1894 rectissime
782 1854 1014 1901 iudicaverit,
1043 1866 1166 1907 pauca
1185 1868 1207 1892 a
1226 1866 1376 1892 summo
1399 1853 1481 1890 viro

140 1925 281 1978 scripta
311 1930 410 1972 sunt,
439 1939 538 1978 quae
556 1939 633 1964 non
653 1925 736 1964 aliis
755 1927 877 1979 iisque
909 1925 1137 1964 doctissimis
1168 1924 1384 1962 hominibus
1404 1936 1484 1961 ma-

82 2009 88 2016 ’
139 2008 311 2050 gnopere
338 1995 566 2048 placuerint,
602 1994 683 2033 aliis
712 2009 787 2033 non
816 1996 940 2032 minus
968 1993 1094 2032 doctis
1121 2006 1285 2046 operose
1314 1994 1486 2047 quaesita

139 2079 186 2104 ac
204 2078 327 2119 paene
345 2065 473 2118 inepta
502 2064 577 2102 sint
605 2065 701 2102 visa:
729 2078 855 2118 neque
883 2063 1019 2102 melior
1039 2063 1273 2104 Lachmanni
1302 2078 1386 2103 sors
1405 2065 1484 2103 [uit.

140 2136 242 2187 Quid
271 2135 374 2190 quod
393 2149 442 2175 ne
462 2134 555 2174 illud
582 2135 737 2189 quidem
765 2135 965 2175 artificium
985 2136 1078 2174 scite
1098 2150 1220 2191 nuper
1237 2135 1486 2182 intellectum,

140 2223 217 2263 quo
246 2208 430 2248 Horatius
458 2209 494 2247 in
523 2207 754 2246 carminibus
782 2222 851 2261 per
879 2212 1151 2261 quaternorum
1179 2222 1360 2248 versuum
1389 2213 1488 2246 stro-

141 2280 236 2334 phas
277 2280 554 2333 componendis
595 2288 686 2317 usus
715 2284 791 2326 est,
832 2278 946 2318 ullius
985 2280 1162 2317 carminis
1200 2285 1344 2318 certam
1373 2283 1489 2331 atque

143 2351 337 2391 communi
365 2363 556 2389 consensu
584 2349 783 2403 probatam
803 2350 1110 2389 emendationem
1139 2351 1278 2389 criticis
1307 2349 1489 2388 submini-

144 2423 297 2469 stravit,
331 2434 450 2475 quum
479 2425 628 2460 constet
656 2420 807 2468 similia,
842 2421 962 2461 semel
989 2422 1026 2460 in
1052 2420 1180 2474 aliquo
1208 2422 1395 2475 scriptore
1423 2419 1488 2457 ob-

95 2498 116 2519 2
146 2498 315 2540 servata,
357 2492 404 2530 ad
432 2494 664 2531 inveteratos
699 2505 847 2531 errores
884 2492 1131 2546 corrigendos
1172 2492 1377 2545 plurimum
1411 2490 1490 2526 fere

535 2586 554 2604 o
1201 2565 1242 2602 1*
