1669 2839
818 117 872 161 12

171 236 255 262 sum
285 223 450 263 devotus
477 224 633 264 arbitrio
644 225 717 264 —-'.
756 227 804 264 At
831 224 927 265 haec
955 227 1040 280 quis
1068 225 1270 279 intelligit?
1297 228 1375 266 imo
1402 228 1519 267 inter-

172 295 339 348 positum
368 295 462 336 illud
489 297 525 335 si
553 297 603 335 ita
632 295 761 335 turbat
788 298 1014 344 orationem,
1042 302 1085 336 ut
1103 298 1169 336 vix
1195 296 1358 337 dubitari
1386 299 1529 351 possit,⁴

170 367 262 419 quin
291 367 509 423 corruptela
549 366 699 408 laboret
725 367 854 416 locus,
889 383 1005 423 quam
1034 373 1120 410 utut
1145 382 1281 409 sanare
1308 369 1519 417 studemus,

171 439 253 477 sive
282 439 483 478 scribimus
510 440 582 491 ‘cui
609 441 680 478 sic
709 445 748 478 et
775 440 823 479 ad
852 440 1000 487 omnia',
1029 441 1102 489 vel,
1130 442 1235 495 quod
1263 440 1353 479 mihi
1380 440 1518 494 proba·

171 508 282 548 bilius
309 509 470 558 videtur,
499 511 653 563 ‘cuius
682 511 783 550 etad
812 511 973 550 omnia':
1001 511 1076 552 hoc
1102 517 1208 552 certe
1236 511 1409 558 efficitur,
1434 510 1519 563 illas

169 581 291 620 lineas
318 596 396 621 non
426 597 511 622 esse
538 584 619 635 ipsa
649 584 859 635 Aproniani
887 598 1002 623 manu
1035 588 1228 623 exaratas:
1254 582 1377 621 aliena
1406 582 1518 629 enim,

170 653 318 705 opinor,
347 654 595 693 aclarissimo
624 654 706 692 viro
736 668 779 693 ea
800 655 1032 709 negligentia
1060 661 1130 703 est,
1158 656 1329 709 quam-in
1347 653 1519 707 lapicidis

171 725 334 777 antiquis
377 737 496 778 saepe
537 725 736 772 miramur,
777 726 815 764 in
851 725 1013 765 librariis
1050 739 1099 765 ne
1128 727 1310 764 miramur
1350 725 1516 780 quidem.

172 796 282 846 Quae
311 797 342 835 si
378 810 469 836 vera
508 802 614 844 sunt,
656 801 779 836 totum
819 797 911 837 illud
954 802 1225 851 argumentum
1263 797 1411 837 nullum
1448 803 1517 837 est.

169 868 319 907 Addam
343 867 508 907 alterum
536 868 770 922 exemplum,
798 883 875 923 quo
903 869 1024 923 magis
1057 874 1250 922 appareat,
1279 883 1395 922 quam
1427 870 1517 908 artis

167 940 359 979 interdum
388 938 525 978 finibus
545 944 704 978 veteres
731 941 862 987 critici,
892 941 955 993 qui
975 940 1130 993 quidem
1153 939 1359 979 nobiliores
1378 944 1517 986 essent,

170 1026 328 1064 operam
361 1025 470 1050 suam
503 1011 883 1065 circumscripserint.
934 1010 974 1050 ln
1003 1010 1049 1050 T.
1078 1009 1174 1050 Livii
1210 1010 1356 1050 decade
1395 1011 1515 1064 prima

170 1083 408 1122 emendanda
436 1087 589 1135 praeter
617 1081 898 1130 Victorianum,
942 1083 989 1122 de
1018 1096 1094 1135 quo
1133 1096 1246 1135 supra
1289 1082 1516 1128 monuimus,

168 1155 244 1193 duo
275 1154 346 1192 viri
372 1154 512 1192 versati
540 1158 630 1193 sunt
658 1167 809 1192 summo
838 1154 926 1192 loco
956 1159 993 1192 et
1021 1154 1093 1192 orti
1122 1158 1160 1192 et
1183 1152 1371 1199 collocati,
1398 1151 1517 1192 Nico-

169 1225 328 1264 machus
368 1225 520 1264 Dexter
558 1241 592 1263 v.
623 1239 655 1264 c.
691 1240 736 1265 ac
775 1224 1037 1268 Nicomachus
1070 1224 1274 1264 Flavianus
1307 1223 1364 1263 Ill.
1399 1225 1516 1277 praef.

170 1296 264 1344 urb„
292 1295 430 1350 quibus
450 1297 497 1336 de
517 1297 607 1335 viris
633 1297 777 1350 optimc
804 1311 927 1351 nuper
951 1297 1130 1351 exposuit
1149 1296 1172 1335 l.
1194 1296 1238 1335 Β.
1258 1310 1316 1349 eq.
1337 1297 1385 1335 de
1405 1295 1516 1334 Rossi

167 1371 203 1407 in
226 1369 551 1408 commentatione
574 1367 722 1408 Romae
741 1383 772 1408 a.
793 1369 890 1407 1849
911 1370 1009 1408 edita
1027 1368 1263 1418 (l'iscrizione
1277 1367 1375 1408 della
1392 1372 1515 1407 statua

170 1440 365 1479 ristabilita
385 1441 421 1479 di
441 1439 653 1479 Nicomaco
675 1439 856 1479 Flaviano
876 1441 1037 1478 seniore.
1084 1439 1218 1478 Annali
1239 1438 1324 1478 dell'
1343 1439 1515 1477 instituto
1530 1468 1542 1476 s

167 1511 335 1551 archeol.
366 1511 442 1550 vol.
472 1510 593 1560 XXI).
649 1510 960 1564 Subscriptiones
987 1511 1140 1550 illorum
1167 1524 1189 1549 e
1215 1510 1330 1549 codd.
1358 1509 1516 1549 Floren-

168 1584 246 1622 tino
263 1596 308 1621 ac
323 1581 500 1621 Leidensi
530 1583 655 1621 editae
674 1596 694 1620 a
712 1581 1027 1621 Drakenborchio
1044 1582 1134 1631 (vol.
1154 1581 1243 1620 XV.
1262 1581 1287 1619 Ι.
1309 1596 1343 1634 p.
1363 1581 1439 1619 614
1459 1594 1514 1632 sq.

166 1655 347 1707 stuttg),
375 1653 412 1691 in
442 1652 593 1691 duobus
620 1657 821 1706 praeterea
854 1639 1049 1692 Vaticanis
1079 1652 1185 1691 libris
1217 1653 1395 1691 inventae
1428 1657 1516 1691 sunt

167 1725 213 1764 ab
231 1739 290 1778 eq.
309 1725 356 1764 de
373 1723 484 1762 Rossi
501 1722 539 1772 (l.
556 1723 579 1762 l.
601 1737 635 1775 p.
656 1724 733 1774 41).
776 1723 851 1773 Qui
867 1737 966 1776 quae
995 1739 1044 1763 ex
1063 1723 1261 1764 codicibus
1288 1724 1367 1762 suis
1382 1729 1513 1762 enota-

166 1803 269 1844 runt,
311 1797 341 1835 si
369 1797 406 1835 in
435 1801 585 1835 certum
620 1796 793 1834 ordinem
822 1795 1063 1849 rediguntur,
1103 1802 1180 1835 tres
1207 1795 1325 1834 libros
1353 1810 1373 1834 a
1403 1781 1514 1835 tertio

164 1883 285 1923 usque
313 1868 360 1907 ad
388 1872 542 1906 sextum
570 1881 591 1905 a
619 1866 858 1906 Nicomacho
887 1867 1060 1907 Dextero
1089 1867 1328 1906 emendatos'
1347 1881 1431 1906 esse
1458 1869 1515 1906 in-

163 1941 381 1994 telligimus,
411 1940 475 1993 qui
501 1938 590 1992 quid
620 1939 657 1976 in
677 1939 867 1992 prioribus
895 1939 1000 1977 libris
1020 1940 1259 1992 praestiterit,
1288 1953 1364 1978 non
1385 1938 1515 1977 definit

163 2013 398 2057 accuratius,
440 2015 613 2064 quintum
643 2009 691 2049 ad
719 2009 941 2064 exemplum
980 2011 1146 2064 parentis
1173 2011 1230 2049 sui
1260 2010 1514 2050 Clementiani

163 2100 203 2124 se
220 2083 448 2123 emendasse
463 2087 609 2121 narrat:
635 2086 790 2120 sextum
809 2081 947 2121 librum
967 2095 1013 2121 ac
1032 2084 1237 2136 septimum
1253 2081 1515 2121 Nicomachus

167 2155 371 2194 Flavianus
406 2153 645 2201 emendavit3
682 2152 857 2200 alterum,
889 2148 1118 2220 ffletur,
1154 2152 1314 2201 Romae,
1350 2153 1515 2192 alterum

166 2229 202 2266 in
231 2226 360 2267 Sicilia
391 2225 510 2279 ‘apud
547 2224 721 2264 Hennam
735 2224 754 2272 ',
790 2230 832 2264 ut
865 2226 947 2279 ipse
981 2224 1122 2265 scribit.
1173 2224 1323 2264 Octavo
1358 2224 1395 2262 in
1430 2222 1513 2263 sole

168 2299 384 2337 Florentino
426 2298 560 2336 codice
597 2297 738 2350 aliquid
768 2298 815 2336 de
846 2297 1027 2337 Flaviano
1063 2296 1321 2349 subscriptum
1357 2301 1415 2335 est
1442 2297 1514 2334 ita:

165 2370 397 2423 ‘Emendavi
417 2368 528 2408 Nico.
551 2368 753 2408 Flavianus
783 2361 813 2407 V
830 2369 901 2408 EC
922 2375 978 2408 ter
998 2370 1118 2423 praef.
1138 2367 1219 2406 urb.
1241 2354 1341 2421 apud
1361 2367 1513 2414 Term.',

161 2446 199 2484 in
228 2441 368 2496 quibus
410 2456 478 2494 pro
516 2434 637 2480 VE'U
674 2440 919 2479 scribendum
959 2455 1043 2480 esse
1085 2425 1182 2479 V-fC.
1222 2445 1326 2480 recte
1367 2438 1513 2478 monuit

168 2511 525 2558 Drakenborchius,
566 2512 745 2566 idemque
781 2511 1028 2565 probabiliter
1064 2512 1225 2551 coniecit
1264 2511 1360 2550 haec
1396 2510 1512 2564 ⁴apud
