1669 2839
789 91 851 146 46

144 213 280 249 eorum
306 214 402 249 suae
430 201 502 245 sibi
528 202 726 257 pravitatis
762 202 908 244 conscii
933 201 1055 248 sunt’:
1096 201 1187 257 quid
1223 201 1491 252 enimsfietdss

142 274 206 323 iis,
246 274 314 328 qni
339 274 467 323 minus
493 273 565 314 sibi
581 270 803 316 timebant?
842 271 943 317 Nam
968 273 1009 313 in
1027 272 1207 327 :collegiis
1234 285 1400 331 eassane
1425 274 1492 323 lex

144 346 303 395 obtinet,
330 352 383 393 ut,
411 346 475 399 qui
490 345 695 399 pauciores
714 349 814 391 sunt,
843 342 1015 398 pluribus
1034 345 1271 388 concedant:
1297 346 1337 387 in
1364 347 1490 400 poetis

143 417 405 471 existimandis
430 428 541 456 suam
573 415 739 471 quisque
767 415 987 469 opinionem
1015 418 1204 472 sequitur,
1240 430 1384 471 neque,
1425 419 1491 472 qui

141 491 309 532 iudicare
337 487 491 537 volunt,
528 489 567 530 in
595 488 775 543 suffragia
808 488 1019 530 mittuntur.
1073 489 1267 537 Horatius,
1282 490 1399 544 igitur
1423 495 1491 534 aut

140 561 350 611 adfectavit
368 573 533 614 magnae
547 560 806 615 negligentiae
834 562 1015 614 speciem,
1043 561 1148 615 quod
1166 575 1283 602 nemo
1304 560 1375 610 sibi
1399 575 1490 615 per-

140 633 343 680 suadebit„
357 637 425 681 aut
449 645 527 672 non
551 631 761 685 ,plerosque
787 646 934 679 eorum,
953 646 981 679 ‚a
999 632 1140 687 quibus
1161 633 1490 681 contemnebatur,

141 704 211 745 sed
239 703 287 744 ad
314 716 434 744 unum
462 715 598 751 omnes
631 702 725 746 illud
758 701 973 757 periculum
1011 704 1194 743 metuisse
1233 704 1344 752 dixit,
1376 705 1489 759 ,quod

139 777 233 829 ipsis
252 789 274 814 a
292 776 444 822 satirica
470 776 580 827 poesi
604 775 833 823 immineret.
874 773 944 822 Sin
962 789 1057 815 vero
1078 776 1126 816 de
1144 777 1290 816 maiore
1317 777 1489 818 civium

141 851 249 901 parte
276 837 447 900 cogitare
473 844 595 894 malis,
624 858 669 894 ea
689 844 845 899 quidem
872 843 1078 898 explicatio
1098 851 1136 885 et
1156 859 1245 892 curn
1262 847 1345 900 ipsa
1373 853 1489 892 attra-

140 918 276 959 ctionis
302 922 439 961 natura
458 922 498 956 et
522 930 610 957 cum
638 917 682 956 iis
710 922 867 971 pugnat,
893 931 993 970 quae
1020 922 1233 972 sequuntur
1259 920 1490 973 ‘quemvis

138 989 265 1031 media
285 1002 378 1030 erue
398 987 541 1028 turba’:
568 978 789 1044 intelligitur
805 990 919 1038 enim,
937 1002 1015 1031 non
1042 988 1303 1044 plerosque
1329 989 1490 1044 Horatio

139 1066 342 1116 suspectos
368 1061 473 1113 visos
500 1074 598 1109 esse,
626 1060 695 1111 sed
722 1074 903 1109 omnes,
930 1062 1034 1115 quod
1062 1062 1217 1116 egregie
1244 1061 1490 1119 confirmatur

138 1133 214 1185 hoc
242 1147 360 1184 versu
386 1138 458 1181 sat.
484 1131 525 1174 11.
559 1134 590 1173 1.
619 1132 671 1172 23
698 1146 804 1185 ‘cum
837 1132 910 1181 sibi
938 1120 1144 1188 ‹juisque
1172 1133 1303 1173 timet.'
1358 1133 1488 1182 Tertia

138 1203 343 1258 explicatio
360 1218 481 1258 quum
508 1203 614 1243 nulla
639 1191 801 1245 inveniri
819 1205 954 1257 possit,
980 1203 1217 1252 habebimus,
1245 1205 1391 1257 opinor,
1420 1218 1489 1253 cur

138 1275 319 1330 vulgatae
338 1264 552 1329 scripturae
571 1266 713 1315 veritas
730 1276 769 1315 in
788 1274 1065 1323 dubitationem
1083 1280 1253 1322 vocetur.
1296 1274 1489 1321 Medelam

140 1347 187 1387 ab
215 1348 298 1401 ipsa
324 1361 508 1398 versuum
549 1347 739 1387 sententia
779 1347 1030 1400 repetendam
1058 1361 1143 1387 esse
1169 1347 1344 1393 arbitror.
1397 1345 1489 1387 Ete-

138 1418 218 1458 nim
237 1418 303 1472 qui
321 1432 457 1464 omnes
475 1419 650 1459 satiricae
668 1419 797 1472 poesis
815 1418 1054 1458 adversarios
1073 1418 1225 1464 sibimet
1242 1419 1335 1473 ipsis
1354 1420 1489 1469 timere

136 1491 371 1545 pronuntiat,
397 1490 490 1533 dicit
501 1490 553 1538 id,
581 1490 697 1544 quod,
725 1495 767 1529 ut
789 1490 861 1545 ipsi
876 1491 1039 1530 fortasse
1066 1490 1399 1544 persuasissimum
1419 1496 1487 1539 est,

136 1562 200 1610 ita,
229 1562 261 1601 si
289 1562 375 1616 quis
402 1560 559 1610 dubitet,
587 1562 702 1601 certis
729 1562 966 1615 argumentis
993 1575 1069 1602 non
1098 1566 1226 1615 potest
1249 1549 1394 1615 liquido
1420 1562 1488 1605 de·

136 1634 352 1675 monstrari.
407 1633 518 1676 Dixit
544 1633 702 1687 quidem
728 1631 924 1681 Horatius,
951 1633 990 1673 in
1017 1633 1155 1687 quovis
1183 1646 1205 1673 e
1224 1633 1349 1674 media
1376 1633 1486 1675 turba

137 1711 310 1761 arrepto,
349 1705 414 1746 ubi
441 1707 659 1748 accuratius
686 1706 988 1752 examinaretur,
1026 1704 1167 1759 aliquid
1207 1705 1404 1748 inventum
1431 1707 1487 1756 iri,

136 1779 241 1833 quod
270 1777 477 1819 commode
504 1779 709 1831 perstringi
735 1782 885 1831 posset:
928 1782 967 1816 at
995 1777 1181 1817 eiusmodi
1210 1791 1374 1818 examen
1401 1779 1487 1832 quis

135 1865 306 1906 unquam
333 1849 494 1903 instituit
519 1849 558 1889 in
587 1847 744 1888 omnib
756 1846 839 1886 us?
882 1845 1013 1900 Itaque
1039 1851 1197 1900 poetam
1223 1847 1366 1901 aliquid
1393 1851 1486 1897 scri,-

133 1925 257 1978 psisse
285 1922 476 1970 existimo,
504 1934 581 1976 quo
609 1926 649 1960 et
666 1934 777 1961 suam
804 1918 1094 1974 persuasionem
1119 1917 1374 1968 firmissimam
1401 1934 1487 1968 esse

134 1994 391 2050 profiteretur,
419 1999 466 2043 et>
486 1998 681 2034 certorum
707 1995 1044 2046 argumentorum,
1086 2004 1186 2045 quae
1219 1989 1322 2041 nulla
1350 1992 1486 2041 afferre

134 2071 299 2121 poterat,
325 2065 436 2120 quasi
461 2065 588 2105 vicem
616 2063 807 2119 expleret:
844 2063 961 2118 idque
989 2062 1087 2104 effici
1116 2067 1263 2117 potest,
1290 2064 1323 2104 si
1350 2077 1485 2118 suspee

132 2142 240 2178 ctum
265 2137 398 2177 locum
425 2138 478 2178 ita
506 2141 720 2177 mutamus:
1474 2178 1476 2181 .

185 2209 289 2264 quod
314 2214 415 2258 sunt,
443 2223 542 2265 quos
568 2221 693 2263 genus
718 2206 796 2249 hoc
823 2206 979 2248 minime
999 2205 1117 2253 iuvat,
1145 2208 1290 2260 utpote,
1318 2206 1472 2255 iures,

185 2281 331 2334 culpari
356 2281 503 2335 dignos.
801 2271 806 2275 ⁵
1255 2324 1257 2328 y
1472 2322 1475 2327 ,

130 2350 217 2408 Ipsa
246 2352 404 2400 mutatio
431 2350 528 2397 lenis
556 2355 631 2391 est:
672 2349 745 2391 hae
773 2349 874 2390 enim
901 2348 1037 2390 literae.
1059 2347 1141 2388 l-et
1167 2347 1199 2389 L
1228 2360 1345 2404 quam
1371 2345 1483 2398 facile

132 2425 225 2473 olim
244 2426 454 2478 permutari
472 2424 680 2479 potuerint,
699 2428 835 2463 notum
855 2428 924 2471 est,
944 2428 1061 2476 atque
1076 2427 1227 2462 constat
1246 2422 1283 2461 in
1302 2420 1348 2459 iis
1367 2420 1482 2460 etiam

129 2497 256 2547 libris,
281 2495 348 2552 qui
374 2495 596 2537 minusculis
623 2494 755 2548 scripti
782 2499 887 2542 sunt,
926 2493 1078 2544 literam
1098 2494 1116 2544 ¹i
1144 2506 1222 2535 non
1250 2504 1336 2532 raro
1365 2505 1479 2548 supra
