1669 2839
744 80 806 124 69

107 198 393 252 intelligeretur,
408 192 498 247 quid
518 192 687 246 quidque
706 199 817 233 esset.
858 192 1041 234 Formam
1060 198 1190 233 autem
1209 207 1255 234 ac
1276 197 1445 248 speciem

106 273 372 313 alimentorum
401 264 466 320 qui
492 264 545 302 ita
573 269 722 305 mutare
749 265 942 314 volebant,
968 266 1013 305 iis
1041 269 1108 304 aut
1128 263 1293 305 Daedali
1311 265 1444 308 Petro-

104 342 203 384 niani
242 340 439 395 ingeniosa
474 335 634 392 audacia
669 339 851 379 imitanda
888 344 987 387 erat,
1024 347 1140 393 quem
1175 338 1446 392 pinguissimas

103 412 296 460 ficedulas,
322 411 496 465 piperato
524 408 653 459 vitello
682 410 948 458 circumdatas,
975 410 1059 449 ovis
1088 423 1137 448 ex
1165 409 1288 449 farina
1314 410 1446 463 pingui

104 484 273 541 figuratis
305 480 504 521 inclusisse
537 480 702 534 legimus
735 483 782 531 (c.
807 482 884 532 33),
920 486 986 520 aut
1018 486 1122 520 certe
1156 494 1281 521 massa
1317 481 1446 535 aliqua

102 556 306 600 utendum,
349 550 486 605 quibus
518 551 582 591 illa
616 551 877 592 oblinerentur
904 558 942 592 et
976 552 1275 599 involverentur,
1312 554 1364 591 ita
1402 558 1442 592 ut

103 627 215 668 facile
252 627 292 665 in
325 636 573 678 quascunque
609 624 752 662 formas
788 623 909 677 redigi
947 629 1114 676 possent.
1170 623 1302 677 Itaque
1340 624 1445 679 quod

104 697 322 741 Fundanius
349 709 427 736 non
452 695 609 750 agnovit
628 696 860 750 optimorum
879 694 1043 750 piscium
1061 696 1249 744 intestina,
1279 696 1445 752 alioquin

104 773 201 811 bene
236 768 307 808 sibi
341 768 511 822 cognita,
544 767 620 807 hoc
652 767 744 806 mihi
769 768 921 807 videtur
948 768 986 807 in
1015 781 1130 807 causa
1157 769 1293 816 luisse,
1328 769 1444 822 quod,

104 845 186 897 ipso
228 841 344 881 etiam
377 852 471 878 suco
492 843 665 885 .mutato‚
699 837 770 877 sub
808 839 995 878 eiusmodi
1027 839 1227 879 involucro
1254 838 1442 879 latebant:

103 916 218 968 idque
245 911 449 953 Horatium
475 911 526 949 ita
554 910 696 950 dixisse
723 910 901 950 arbitror:

276 988 319 1023 ut
344 981 409 1021 vel
436 982 615 1022 continuo
644 983 777 1037 patuit,
807 996 924 1037 quum
951 982 1120 1036 passeris
1147 986 1263 1036 atque

277 1057 544 1095 incrustata
572 1055 663 1110 mihi
690 1060 917 1110 porrexerat
942 1054 1005 1095 ilia
1033 1054 1194 1095 rhombi.

104 1130 350 1182 Quamquam
378 1127 478 1165 enim
511 1126 682 1166 sollenne
719 1140 764 1166 ea
792 1128 839 1166 de
866 1141 909 1166 re
935 1126 1168 1166 vocabulum
1196 1126 1443 1166 involvere

103 1201 254 1241 videtur
288 1199 422 1246 fuisse,
464 1213 541 1239 non
578 1198 709 1239 dubito
746 1204 893 1248 tamen,
932 1201 1021 1254 quin
1059 1198 1195 1239 eodem
1228 1199 1327 1247 iure,
1367 1213 1442 1254 quo

104 1272 240 1326 panis
260 1274 417 1310 crusta
437 1271 584 1318 dicitur,
604 1271 718 1309 etiam
744 1271 1013 1310 incrustare
1033 1271 1107 1310 dici
1124 1271 1304 1325 potuerit,
1332 1283 1445 1324 prae-

104 1344 235 1384 sertim
263 1343 294 1383 si
321 1341 413 1382 illud
440 1342 682 1382 involucrum
709 1341 839 1396 paullo
868 1343 998 1382 durius
1028 1347 1147 1391 esset,
1181 1348 1225 1383 ut
1251 1356 1345 1382 sane
1372 1342 1442 1382 du-

102 1415 311 1456 riusculum
346 1416 415 1455 suit
441 1417 479 1455 in
506 1414 670 1455 Daedali
697 1416 790 1454 ovis.
840 1414 1025 1454 Ceterum
1059 1416 1186 1469 ipsum
1223 1413 1445 1454 involvendi

103 1502 251 1528 morem
295 1488 386 1527 satis
427 1488 634 1542 antiquum.
664 1487 797 1534 fuisse,
842 1485 1060 1543 Macrobius
1109 1487 1215 1525 testis
1262 1491 1338 1534 est,
1380 1488 1444 1541 qui

103 1559 255 1599 Saturn.
288 1558 329 1597 ll.
362 1559 386 1597 9
434 1560 532 1598 inter
578 1557 724 1597 fercula
750 1570 915 1596 .coenae
960 1557 1184 1612 pontificum
1221 1556 1353 1610 ‘altilia
1394 1572 1444 1597 ex

103 1631 222 1671 farina
248 1630 436 1671 involuta'
464 1634 753 1677 commemorat,
782 1630 813 1669 si
841 1643 932 1669 sana
961 1634 1020 1668 est
1043 1629 1168 1669 lectio.

728 1816 807 1869 VII

209 1916 372 1956 Constat
403 1916 500 1955 inter
541 1915 645 1954 viros
687 1915 840 1961 doctos,
884 1919 1068 1968 quantum
1109 1913 1156 1952 ad
1191 1911 1449 1954 Terentianas¹

101 1988 249 2028 fabulas
278 1991 383 2025 recte
416 1983 683 2037 intelligendas
704 1984 835 2023 Aelius
861 1984 1039 2022 Donatus
1072 1983 1294 2031 contulerit,
1323 1987 1441 2038 quum

103 2056 378 2098 commentario
406 2055 518 2096 docte
546 2060 661 2109 atque
695 2059 874 2095 accurate
909 2056 1069 2111 scripto,
1103 2069 1179 2110 quo
1210 2054 1442 2114 plerumque

104 2136 142 2170 et
155 2129 247 2184 quid
274 2127 467 2181 scripserit
492 2131 618 2181 poeta,
640 2132 678 2166 et
693 2126 781 2181 quid
803 2128 841 2166 in
861 2128 1061 2168 scribendo
1082 2129 1324 2183 spectaverit,
1351 2129 1442 2167 satis

105 2199 350 2256 probabiliter
378 2199 556 2254 explicat,
584 2204 666 2239 tum
693 2200 865 2254 inprimis
896 2199 1202 2240 adnotationibus
1219 2201 1275 2247 iis,
1302 2199 1442 2253 quibus

103 2274 207 2327 ipsos
240 2271 466 2311 histrionum
498 2271 596 2310 inter
629 2271 821 2325 agendum
847 2277 980 2327 gestus
1006 2285 1049 2310 ea
1079 2271 1273 2325 diligentia
1300 2270 1443 2311 descri-

105 2345 191 2399 psit,
220 2349 263 2383 ut
297 2344 387 2398 quid
415 2342 478 2383 vel
504 2342 730 2383 concitatius
766 2342 827 2383 vel
855 2344 1050 2384 remissius
1077 2341 1168 2382 olim
1195 2343 1443 2397 pronuntiare

107 2416 208 2456 soliti
235 2417 309 2456 sint
336 2417 512 2456 sciamus.
564 2414 679 2465 Quod
704 2415 829 2470 igitur,
857 2415 1156 2471 elegantissimas
1183 2415 1267 2455 illas
1295 2414 1441 2455 fabulas

107 2501 227 2542 quum
253 2488 435 2544 legimus,
463 2501 527 2528 eas
554 2500 631 2527 non
649 2491 728 2527 tam
754 2487 885 2543 legere
911 2488 1019 2529 nobis
1046 2487 1234 2536 videmur,
1262 2500 1377 2542 quam
1402 2486 1442 2526 in
