1669 2839
802 76 897 124 1136

279 189 350 230 sed
378 195 493 231 vocat
517 202 639 245 usque
667 203 792 238 suum,
819 203 893 245 qua
922 189 1094 245 populus
1112 189 1242 230 adsita
1258 192 1371 231 certis
1418 196 1438 207 ⁴·
1481 205 1484 210 ’

279 261 461 301 limitibus
487 262 611 301 vicina
638 263 860 316 refringit
884 262 1017 316 iurgia.

180 331 296 382 Quod
322 331 553 373 vocabulum
580 346 664 388 quo
685 333 819 373 fortius
847 339 915 382 est,
944 347 991 374 eo
1011 334 1125 374 etiam
1143 333 1233 374 huic
1250 333 1338 374 loco
1363 326 1517 374 accom-

180 404 371 443 modatius
395 405 556 444 videtur.
611 403 750 459 Neque
782 410 910 446 tamen
948 406 1110 446 deerunt
1134 407 1315 455 fortasse,
1341 406 1405 460 qui
1432 405 1518 445 vul-

178 480 309 531 gatam
332 475 540 518 lectionem
566 477 694 519 Servii
720 478 965 529 auctoritate,
1000 479 1064 534 qui
1091 478 1208 519 utitur
1233 477 1299 519 illo
1326 492 1442 518 versu
1469 478 1518 518 ad

180 549 275 589 Aen.
291 547 356 588 VL
376 550 477 598 5035
493 552 545 591 ita
571 553 757 592 munitam
779 557 925 607 putent,
953 557 995 592 ut
1021 552 1267 591 temerarium
1295 551 1353 599 sit,
1381 551 1412 589 si
1432 550 1517 604 quis

179 619 232 660 de
252 622 645 679 mutatione,cogitet.
701 625 752 663 At
778 624 803 664 ii
830 622 983 678 quidem
1018 622 1119 663 haud
1147 622 1227 663 scio
1255 637 1303 664 an
1329 621 1518 663 Serviano

177 695 473 744 commentario,
514 696 668 750 qualem
706 710 778 736 nos
805 695 1009 745 habemus,
1048 709 1186 750 parum
1212 701 1325 735 caute
1351 700 1519 735 utantur.

178 764 280 804 Nam
306 767 345 804 in
372 765 482 805 bonis
517 767 633 805 etiam
669 765 866 807 codicibus
899 767 1089 807 interdum
1114 780 1135 806 a
1161 765 1324 806 librariis
1351 770 1518 805 erratum

178 850 264 878 esse
282 838 321 878 in
338 837 384 877 iis
403 838 634 893 scriptorum
652 838 759 887 locis,
787 853 885 894 quos
903 840 1097 895 excerpsit
1117 839 1400 895 grammaticus,
1428 838 1519 878 satis

178 909 242 950 vel
268 923 345 950 uno
373 909 546 951 Horatii
549 925 666 952 versu
692 926 808 952 carm.
838 912 864 953 Ι.
895 914 953 952 17.
978 912 1030 951 22
1056 912 1350 961 demonstratur,
1376 912 1442 966 qui
1468 910 1518 951 ad

178 983 321 1038 Georg.
343 963 389 1022 ‘IL
416 984 558 1023 4561n
588 984 699 1024 codd
761 983 865 1031 Petri
893 983 1064 1024 Danielis
1108 986 1211 1034 (utor
1251 985 1340 1024 edit.
1377 983 1515 1024 Colon.

176 1054 375 1109 Allobrog.
408 1056 520 1107 1620)
547 1056 600 1095 ita
629 1055 897 1097 exhibebatur.
939 1070 1028 1110 nec
1055 1070 1097 1097 se
1125 1055 1228 1096 Mars
1266 1054 1401 1095 meiius
1428 1068 1516 1094 cum
1548 1073 1552 1081 ·

178 1126 301 1167 Marte
327 1127 536 1167 confundet
563 1126 796 1182 Thyoneus.'
840 1128 880 1169 ln
900 1096 981 1169 aliis
1005 1130 1088 1183 ipse
1115 1128 1275 1168 Servius
1301 1132 1367 1167 aut
1393 1132 1517 1166 muta·
1551 1157 1557 1161 .

176 1199 233 1239 vit
258 1198 400 1254 aliquid
437 1214 507 1255 pro
549 1202 607 1241 sui
640 1202 800 1241 instituti
841 1203 1005 1250 ratione,
1047 1207 1113 1241 aut
1146 1201 1332 1240 memoria
1366 1199 1518 1239 videtur

175 1271 306 1326 lapsus
347 1286 443 1312 esse.
496 1271 671 1313 Liberius
711 1279 887 1314 versatus
924 1280 982 1314 est
1006 1275 1045 1314 in
1073 1273 1148 1314 hoc
1180 1287 1296 1314 versu
1332 1286 1448 1313 carm.
1474 1270 1516 1312 ΙΙ.

179 1345 237 1384 13.
258 1345 320 1393 21“,
345 1359 460 1399 quem
488 1346 536 1385 ad
554 1344 698 1401 Georg.
718 1345 774 1386 111.
802 1347 879 1386 40⁷
906 1348 958 1387 ita
984 1347 1207 1401 adscripsit:
1235 1359 1367 1401 ‘quam
1395 1358 1518 1399 paene

178 1417 381 1456 vidimus
408 1417 543 1457 furvae
580 1432 698 1473 regna
725 1417 1008 1473 Proserpinae’,
1047 1419 1127 1465 vel,
1167 1424 1210 1457 ut
1235 1419 1274 1457 in
1305 1418 1519 1471 antiquiore

178 1490 304 1529 Servii
332 1489 499 1528 editione
525 1488 667 1543 legitur
693 1503 792 1543 quae
811 1489 987 1529 Basileae
1013 1487 1114 1544 apud
1134 1488 1343 1528 Valderum
1366 1502 1397 1527 a.
1421 1487 1518 1526 1534

174 1561 333 1615 prodiit:
375 1573 508 1613 ‘quam
541 1573 666 1613 paene
699 1560 723 1598 f.
751 1574 780 1599 r.
807 1559 849 1599 P.
886 1558 1111 1601 vidimus?
1164 1561 1350 1601 Memoria
1388 1560 1518 1614 lapsus

147 1616 150 1622 Ι
176 1633 348 1679 videtur,v
367 1645 486 1685 quum
513 1631 562 1670 ad
587 1632 681 1670 Aen.
700 1630 768 1670 ΧΙ.
786 1632 863 1671 403
881 1632 1084 1672 Horatium
1113 1634 1239 1688 (epod.
1259 1634 1319 1674 16.
1336 1632 1403 1683 27)
1421 1630 1518 1671 haec

175 1704 375 1758 scripsisse
401 1703 573 1742 monuit?
598 1708 661 1755 ⁴et
687 1708 798 1743 ante
824 1703 953 1744 Padus
976 1704 1116 1746 Matina
1140 1707 1277 1746 laverit
1296 1703 1517 1744 cacumina)

173 1775 270 1815 Illud
298 1788 455 1829 quoque
482 1788 621 1813 vereor
646 1788 695 1813 ne
712 1775 831 1828 ipsius
858 1776 969 1830 culpa
998 1778 1245 1816 commissum
1265 1777 1322 1823 sit,
1348 1774 1450 1829 quod
1468 1774 1516 1814 ad

175 1847 320 1904 Georg.
346 1845 387 1888 11.
419 1846 491 1887 149
519 1845 751 1886 Horatianus
783 1846 894 1888 locus
921 1862 1036 1889 carm.
1064 1847 1105 1889 ll.
1134 1850 1169 1888 6.
1200 1849 1246 1887 17
1273 1849 1325 1887 ita
1353 1847 1517 1901 scriptus

174 1921 335 1976 legitur:
376 1933 463 1973 ‘ever
496 1918 560 1958 ubi
594 1919 753 1974 longum
789 1920 1013 1975 tepidasque
1045 1911 1203 1975 praebet
1229 1919 1398 1974 Iuppiter
1424 1932 1516 1957 um-

174 1992 319 2033 bras‘:
360 1997 419 2032 est
447 1992 548 2031 enim
588 2004 695 2032 error
721 1992 812 2035 satis
839 1993 1048 2047 speciosus,
1064 2007 1195 2048 —quum
1223 1991 1405 2047 ‘Iuppiter
1432 2005 1515 2030 um-

175 2066 280 2105 bras'
310 2065 500 2104 Adonium
537 2077 692 2103 versum
727 2065 875 2105 efficiat.
931 2065 1056 2105 Alium
1091 2064 1219 2105 locum
1255 2064 1322 2111 vix
1354 2062 1516 2103 dubitari

174 2142 304 2193 potest
342 2138 435 2191 quin
471 2134 612 2175 librarii
640 2150 690 2176 ex
715 2137 807 2191 ipsis
834 2136 1051 2176 Horatianis
1086 2136 1298 2184 codicibus,
1340 2149 1438 2190 quos
1464 2136 1515 2174 ad

176 2224 333 2250 manum
359 2207 570 2254 habebant,
610 2212 857 2262 praepostere
892 2209 1145 2257 correxerint,
1186 2221 1303 2262 quum
1342 2207 1450 2247 aliter
1475 2207 1514 2247 in

177 2282 453 2322 commentario
468 2280 654 2334 scriptum
669 2281 938 2333 repperissent.
966 2280 1119 2320 Etenim
1133 2280 1194 2320 hic
1207 2293 1344 2319 versus
1358 2291 1475 2319 carm.
1488 2276 1515 2317 Ι.

179 2354 238 2394 18.
259 2353 307 2393 15
333 2353 381 2394 ad
408 2354 502 2394 Aen.
531 2351 596 2393 lx.
626 2351 703 2393 633
730 2356 770 2392 et
795 2352 832 2392 in
859 2351 901 2394 P.
928 2348 1100 2394 Danielis
1126 2352 1231 2394 libris
1250 2353 1343 2396 etin
1362 2349 1444 2391 aliis
1462 2351 1513 2391 ita

174 2419 354 2468 laudatus
381 2432 456 2465 est:
498 2426 746 2480 ‘attollens
782 2438 948 2465 vacuum
975 2425 1061 2478 plus
1094 2427 1210 2466 nimio
1244 2423 1364 2479 gloria
1398 2424 1513 2464 verti·

178 2500 300 2541 cem':
329 2504 368 2539 at
395 2498 621 2539 attollens
647 2499 685 2540 in
704 2497 961 2539 mediocribus
987 2503 1133 2539 tantum
1153 2495 1300 2537 Horatii
1319 2494 1517 2537 codicibus
