1669 2839
783 87 844 139 54

140 201 271 261 partes
291 205 552 254 definirentur,
580 219 679 260 quae
709 205 877 244 maxime
905 203 1069 245 humiles
1097 207 1152 245 'ac
1170 215 1295 259 paene
1315 205 1490 247 abiectae

142 282 181 317 et
223 278 401 333 plebeiae
444 277 600 317 essent?
660 278 811 327 Quodsi
854 279 890 315 in
927 277 1115 316 Fundanii
1154 278 1367 316 comoediis
1401 277 1493 318 nibil

141 351 266 406 magis
295 349 497 396 eminebat,
526 349 556 388 si
585 348 677 389 nihil
705 349 811 402 prius
840 363 890 388 ex
916 350 961 388 iis
988 344 1373 389 commemorandum
1402 356 1494 399 erat,

142 434 259 476 quam
286 421 532 460 meretricum
561 425 599 459 et
625 433 828 460 servorum
857 421 1038 470 astutiae3
1066 421 1097 460 si
1117 430 1297 460 sermone
1315 418 1495 461 utebatur

142 505 230 532 nona
254 492 398 545 agresti
433 492 589 544 quidem
616 490 701 539 illo,
736 505 862 545 neque
898 497 1028 531 tamen
1061 493 1111 532 ad
1145 488 1236 532 artis
1265 491 1496 546 elegantiam

142 563 404 603 conformato:
431 563 525 603 nihil
551 563 643 602 mihi
666 564 818 603 videtur
835 564 919 603 veri
937 563 1097 603 similius
1116 574 1214 613 esse,
1241 573 1357 618 quam
1374 561 1495 611 illum,

143 635 384 690 temporibus
420 635 668 682 obsecutum,
704 634 781 675 hoc
817 637 1003 689 inprimis
1024 633 1279 690 spectavisse}
1314 634 1418 690 plebi
1452 639 1496 675 ut

146 707 355 762 placerent,
384 718 479 760 quas
507 707 663 746 fecisset
689 706 849 746 fabulas.
893 706 963 746 His
991 708 1228 763 argumentis
1255 707 1428 747 adducor
1454 712 1498 747 ut

143 780 319 827 credam,
355 779 569 819 secundum
597 791 732 820 eorum
760 792 960 828 versuum,
999 780 1047 820 de
1075 778 1214 834 quibus
1242 779 1494 834 disputamus,

151 850 279 905 aliquo
308 852 346 890 in
374 851 510 890 codice
538 852 589 890 ita
619 850 709 890 olim
738 852 924 905 scriptum
951 852 1087 891 fuisse:
1156 858 1161 860 ’

331 923 513 964 eludente
542 935 674 962 senem
704 925 825 963 comis
853 925 997 978 garrire
1025 953 1034 962 .
1051 953 1059 962 .
1076 953 1084 962 .
1114 919 1284 964 ELLO.

145 994 274 1046 Quam
293 994 471 1035 lacunam
500 1007 621 1050 quum
647 996 699 1034 ita
727 995 963 1049 explevisset
990 1000 1198 1042 corrector,
1226 1000 1268 1033 ut
1295 990 1495 1035 libellos

146 1066 343 1115 saberet,
371 1068 409 1107 in
437 1068 760 1122 praecedentibus
788 1069 903 1108 etiam
931 1068 1074 1122 aliquid
1094 1068 1322 1107 mutandum
1345 1068 1426 1119 fuit,
1453 1073 1496 1107 ut

142 1135 355 1179 cohaerere
388 1141 585 1180 videretur
621 1141 820 1180 sententia.
875 1142 1005 1195 Ipsum
1033 1140 1236 1180 Horatium
1270 1138 1367 1178 haec
1401 1140 1495 1179 scri-

144 1213 268 1266 psisse
296 1213 477 1253 coniicio:

329 1289 464 1339 arguta
495 1285 697 1324 meretrice
725 1284 888 1340 places
915 1284 1107 1340 Davoque
1130 1283 1339 1345 Chremeta

329 1356 508 1397 eludente
536 1370 681 1405 senem,
711 1359 832 1398 comis
859 1358 1017 1412 garrire,
1052 1355 1249 1412 popello

329 1422 429 1469 unus
460 1430 653 1477 vivorum,
680 1427 866 1469 Fundani.

146 1502 388 1541 Fundanium
417 1506 547 1541 autem
575 1502 681 1556 quod
709 1501 861 1541 solum
895 1502 973 1541 dixi
1001 1502 1206 1556 probatum
1234 1516 1338 1550 esse,
1375 1515 1493 1557 quum

143 1574 318 1630 plerique
351 1573 482 1613 locum
517 1574 569 1613 ita
597 1574 911 1628 interpretentur,
947 1579 989 1613 ut
1026 1573 1134 1613 illum
1171 1586 1283 1629 prae
1317 1576 1495 1616 ceteris

142 1647 335 1702 placuisse
368 1646 514 1694 dicant,
550 1645 729 1686 consulto
764 1647 848 1686 feci.
902 1645 1067 1685 Possum
1104 1646 1153 1686 ad
1185 1645 1491 1701 porphyrionem

143 1718 369 1774 provocare,
398 1720 463 1773 qui
489 1718 586 1758 haec
612 1717 745 1758 habet:
775 1718 945 1771 ‘solum
971 1717 1045 1757 illis
1073 1718 1313 1773 temporibus
1338 1719 1368 1759 F
1372 1720 1494 1759 unda-

142 1792 250 1831 nium
279 1791 370 1831 dicit
397 1791 619 1831 comoedias
648 1789 747 1829 bene
774 1789 976 1830 seribere':
1004 1790 1074 1829 sed
1092 1802 1213 1844 quum
1230 1789 1346 1830 latius
1363 1796 1495 1845 pateat

132 1874 189 1901 ‘ea
217 1875 291 1909 res,
320 1862 449 1917 paullo
478 1862 591 1901 altius
620 1848 772 1900 videtur
799 1861 1009 1914 repetenda
1036 1872 1135 1900 esse.

249 1934 512 1982 Adiectivum,
540 1933 645 1988 quod
674 1938 734 1973 est
759 1946 895 1981 unus,
931 1932 995 1987 qui
1022 1932 1073 1975 ita
1101 1934 1191 1987 poni
1219 1946 1336 1988 posse
1364 1934 1495 1975 existi-

144 2012 263 2055 mant,
291 2013 333 2046 ut
360 2020 436 2047 non
466 2007 514 2046 de
544 2019 589 2045 eo
616 2011 832 2060 usurpetur,
861 2006 925 2059 qui
952 2005 1059 2044 solus
1086 2005 1150 2045 vel
1177 2011 1234 2046 est
1261 2005 1403 2060 aliquid
1430 2005 1494 2046 vel

143 2080 236 2120 facit
272 2078 439 2134 aliquam
473 2092 573 2127 rem,
608 2078 695 2128 sed,
732 2078 802 2118 etsi
836 2077 986 2118 nullum
1022 2083 1222 2134 praeterea
1258 2077 1493 2119 vocabulum

144 2153 317 2193 additum
344 2153 403 2200 sit,
430 2153 560 2207 ipsum
585 2152 842 2206 praestantiae
870 2149 1037 2205 aliquam
1063 2150 1220 2191 laudern
1240 2163 1287 2193 ac
1305 2151 1494 2207 significa—

145 2226 288 2265 tionem
308 2226 513 2272 contineat,
541 2225 650 2283 isque
678 2223 903 2278 simpliciter
929 2234 1047 2263 unus
1068 2223 1229 2272 dicatur,
1257 2225 1323 2278 qui
1341 2224 1379 2263 in
1400 2236 1495 2278 qua-

145 2309 297 2350 cunque
324 2312 366 2338 re
394 2296 579 2338 excellat:
608 2296 632 2334 ii
660 2300 876 2349 provocant
902 2297 983 2336 fere
1011 2296 1059 2336 ad
1089 2307 1145 2344 ea,
1173 2307 1274 2350 quae
1294 2294 1494 2335 Bentleius

145 2369 298 2422 scripsit
332 2371 378 2409 ad
413 2385 445 2409 a.
473 2385 510 2424 p.
530 2369 598 2408 32:
636 2372 815 2422 poterant
850 2367 914 2406 illo
954 2368 1054 2408 duce
1081 2369 1234 2422 longius
1262 2368 1376 2407 etiam
1404 2379 1494 2421 pro-

143 2440 274 2494 gredi,
309 2445 538 2494 veteresque
579 2440 685 2494 ipsos
728 2437 839 2478 huius
874 2440 1070 2480 doctrinae
1111 2440 1336 2478 defensores
1376 2438 1493 2478 advo·

145 2526 247 2554 care.
306 2512 435 2567 Atque
464 2525 554 2551 sane
584 2513 765 2561 Servius,
796 2525 871 2551 non
901 2513 1055 2551 omnino
1084 2509 1322 2568 spernendus
1349 2515 1493 2564 auctor,
