1669 2839
214 180 360 233 cipitur.
416 180 507 219 Erat
536 180 731 234 Augustus
773 180 872 218 idern
912 178 966 236 et*
985 178 1208 217 Maecenate
1251 180 1371 218 maior
1405 185 1443 218 et
1470 179 1550 219 Ho-

214 252 329 290 ratio:
360 257 398 290 at
417 257 562 292 certum
590 258 659 299 est,
687 251 794 291 aliter
823 264 868 290 eo
890 250 1151 292 Maecenatem
1180 264 1291 307 usum
1320 246 1414 299 esse,
1443 251 1551 290 aliter
1604 251 1607 253 ’

217 322 427 361 Horatium.
472 322 588 362 Velut
615 324 740 376 ipsum
761 323 853 362 illud
882 336 1014 376 ‘surge
1042 322 1194 361 tandem
1223 322 1420 368 carnifex',
1449 323 1551 375 quod

217 408 236 432 a
266 393 487 433 Maecenate
523 395 708 447 scriptum
744 408 978 452 magnopere
1017 394 1265 441 admiramur,
1305 394 1336 432 si
1369 393 1552 446 scriptum

217 471 306 505 tunc
333 466 467 505 fuisset
492 464 540 504 ab
563 464 733 515 Horatio,
761 466 1006 506 temerarium
1032 478 1077 504 ac
1104 464 1215 518 plane
1242 465 1419 504 insanum
1447 464 1552 503 vide-

217 542 332 575 retur.
359 539 490 591 Itaque
513 543 627 591 poeta
649 551 775 591 neque
795 551 910 577 ausus
930 542 987 576 est
1006 537 1183 575 universe
1199 537 1430 590 praecipere,
1449 536 1552 589 quod

216 621 292 647 non
319 608 484 648 debebat
504 609 660 656 audere,
689 623 814 663 neque
843 609 945 655 dixit,
980 607 1081 662 quod
1109 612 1214 647 recte
1242 608 1312 648 dici
1340 622 1416 648 non
1444 613 1551 662 pote-

216 684 285 726 rat,
313 680 381 719 sed
409 682 560 735 scripsit
585 682 656 720 ita:

348 752 542 801 QuamviS,
571 751 733 799 Scaeva,
761 753 852 791 satis
881 766 947 804 per
975 758 1011 791 te
1040 752 1105 791 tibi
1133 751 1299 791 consulis
1328 756 1364 789 et
1392 750 1475 794 scis,

314 829 319 834 “
347 837 423 877 quo
452 828 639 863 tenuem
668 829 780 878 pacto
810 823 944 863 deceat
972 822 1175 863 maioribus
1204 823 1268 870 uti,
1289 822 1298 825 “

345 895 460 942 disce,
488 895 685 935 docendus
713 895 837 934 adhuc
866 909 963 948 quae
992 900 1133 936 censet,
1150 893 1345 933 amiculus.

321 966 435 1020 Epist.
466 966 489 1005 l.
523 968 579 1006 19.
608 967 658 1006 23
686 967 786 1021 squ:

764 1040 895 1079 Parios
925 1053 997 1094 ego
1028 1041 1169 1093 primus
1198 1039 1344 1079 iambos

346 1111 494 1152 ostendi
523 1110 629 1151 Latio
656 1126 837 1151 numeros
865 1114 1087 1166 animosque
1116 1101 1270 1151 secutus

267 1185 318 1223 25
346 1183 572 1230 Archilochi,
601 1198 676 1224 non
706 1199 766 1223 res
795 1190 832 1224 et
859 1185 1009 1238 agentia
1040 1185 1153 1224 verba
1181 1183 1412 1236 Lycamben.

346 1268 391 1294 ac
418 1269 465 1295 ne
494 1269 556 1294 me
585 1255 682 1308 loliis
709 1255 791 1295 ideo
822 1255 1065 1295 brevioribus.
1086 1269 1209 1303 ornes,

346 1327 447 1380 quod
476 1328 583 1368 timui
610 1333 756 1367 mutare
784 1327 919 1366 modos
950 1332 986 1365 et
1015 1328 1191 1366 carminis
1219 1332 1349 1375 artem,

349 1404 535 1451 temperat
562 1398 779 1438 Archilochi
806 1397 955 1437 Musam
983 1398 1078 1451 pede
1107 1398 1276 1438 mascula
1304 1398 1470 1452 Sappho,

348 1474 536 1522 temperat
561 1470 739 1516 Alcaeus,
768 1469 834 1508 sed
861 1468 974 1507 rebus
1003 1474 1040 1507 et
1069 1469 1199 1508 ordine
1227 1469 1352 1523 dispar

268 1541 319 1578 30
344 1553 415 1578 nec
442 1553 619 1579 socerum
648 1542 805 1593 quaerit,
833 1552 948 1593 quem
976 1540 1148 1579 versibus
1176 1532 1317 1580 oblinat
1343 1542 1441 1589 atris,

345 1625 417 1651 nec
443 1626 607 1665 sponsae
634 1611 813 1664 laqueum
842 1612 987 1650 famoso
1016 1614 1182 1652 carmine
1208 1615 1334 1653 nectit.

345 1684 447 1723 hunc
475 1697 548 1737 ego
576 1697 651 1721 non
679 1682 752 1721 alio
779 1683 920 1722 dictum
950 1680 1052 1740 pr'ius
1081 1697 1147 1730 ore
1174 1683 1331 1725 Latinus

346 1755 500 1809 vulgavi
528 1753 674 1793 fidicen.

191 1861 193 1863 ,
217 1827 420 1868 Praeclare
458 1826 505 1866 de
538 1824 596 1865 his
636 1825 807 1865 versibus
835 1826 1030 1871 Bentleius
1071 1829 1276 1882 disputavit
1303 1835 1341 1869 et
1366 1829 1547 1886 pleraque

216 1901 267 1939 ita
294 1900 505 1953 expedivit,
546 1903 589 1936 ut
615 1912 735 1951 pauca
765 1899 810 1938 ad
846 1901 926 1939 eius
959 1900 1241 1940 adnotationem
1277 1903 1432 1955 optimis.
1451 1904 1547 1942 inter

217 1971 448 2011 recentiores
477 1970 627 2010 criticos
655 1969 864 2011 adiicienda
893 1973 966 2011 sint
993 1973 1085 2011 visa.
1139 1972 1267 2012 Unum
1288 1978 1415 2021 restat,
1444 1975 1545 2028 quod

217 2055 342 2096 neque
371 2041 416 2080 ab
443 2041 508 2080 illo
543 2056 666 2095 neque
694 2042 740 2080 ab
761 2041 841 2081 ,alio
877 2042 954 2082 ullo
987 2030 1276 2098 interpreteita
1315 2045 1544 2100 explicatum

218 2118 293 2160 est,
331 2117 373 2152 ut
399 2126 475 2152 non
503 2126 638 2167 magna
678 2114 790 2153 etiam
819 2128 918 2154 nunc
947 2114 1141 2155 dubitandi
1165 2118 1343 2156 materies
1370 2120 1543 2173 supersit.

217 2185 344 2241 Saepe
372 2185 472 2224 enim
499 2184 606 2224 multi
631 2186 764 2225 incerti
790 2181 958 2233 suerunt,
999 2187 1082 2240 quis
1109 2187 1139 2226 is
1167 2194 1286 2236 esset,
1321 2204 1435 2244 quem
1462 2190 1542 2229 Ho-

218 2257 333 2295 ratius
362 2270 383 2295 a
411 2270 453 2295 se
482 2256 679 2309 vulgatum
707 2271 789 2296 esse
817 2257 998 2311 gloriatur
1026 2273 1060 2297 v.
1079 2258 1146 2297 32:
1188 2265 1321 2314 estque
1349 2274 1395 2301 ea
1436 2261 1542 2302 dubi·
1598 2278 1600 2280 ¹

220 2328 311 2369 tatio
338 2329 543 2369 admodum
569 2329 734 2384 antiqua.
788 2327 887 2369 Nam
915 2345 1031 2384 quum
1060 2330 1220 2372 Bentleii
1257 2338 1381 2372 aetate
1407 2333 1541 2389 reliqui

219 2413 364 2446 omnes,
391 2406 430 2444 ut
455 2402 535 2455 ipse
563 2402 624 2447 ait,
653 2401 700 2439 de
719 2400 945 2441 Archilocho
973 2404 1193 2457 cogitarent,
1220 2402 1352 2443 maluit
1368 2403 1431 2444 ille
1449 2406 1539 2445 artis

179 2510 182 2513 .
217 2472 547 2526 princepsvlocum
576 2474 623 2513 de
636 2473 784 2514 *Alcaeo
810 2475 1065 2528 interpretari:
1091 2489 1216 2529 neque
1243 2482 1367 2516 tamen
1396 2477 1538 2531 primus
