1669 2839
164 0 306 46 W

810 107 872 152 23

167 223 343 265 codicem
384 219 622 272 expressisse
647 217 807 271 *aliquot
847 216 988 257 seculis
1025 217 1281 271 antiquiorem
1307 227 1432 272 neque
1448 221 1509 259 vita

165 293 282 343 longe
306 290 354 328 ab
375 297 424 328 ea
440 294 577 335 aetate,
605 302 679 341 qua
699 288 929 329 Mavortiam
955 288 1097 329 vixisse
1124 288 1278 334 scimus,
1307 294 1507 328 remotum.

266 359 448 403 Inchoata
468 360 572 403 haec‘
598 363 704 406 sunt,
732 359 872 407 fateor,
907 363 1022 413 atque
1050 359 1178 399 rudia:
1220 358 1351 414 dubito
1380 364 1506 399 tamen

163 415 257 474 'num
282 431 403 472 multo
444 430 630 473 limatiora
670 429 794 471 adhuc
825 432 999 484 proferre
1024 430 1147 472 liceat.
1199 430 1365 471 Doctius
1393 436 1432 471 et
1459 432 1507 471 ad

159 501 474 558 persuadendum
495 501 620 554 aptius
640 501 687 540 de
705 505 785 540 tota
803 500 876 540 hae
904 514 1021 540 causa
1048 502 1234 554 disputari
1250 507 1332 541 tum
1350 502 1506 542 demum

162 575 315 630 poterit,
343 586 464 627 quum
483 570 762 627 Vanderburgii
789 565 943 614 codices
964 572 995 615 Β
1016 577 1054 612 et
1070 570 1102 610 E
1128 570 1176 611 ab
1194 572 1334 612 idoneo
1352 572 1505 614 homine

161 650 252 686 cum
279 643 496 699 pulvisculo
525 645 677 686 excussi
706 648 845 687 eruntzss
872 657 921 684 ex
947 643 1005 684 his
1033 645 1146 690 enim,
1173 644 1243 683 nisi
1271 656 1505 697 magnopere

163 716 287 763 fallor,
315 721 353 755 et
367 715 462 769 quid
482 715 577 766 olim
603 715 784 754 traditum
811 700 1004 768 acceperit
1023 714 1231 754 Mavortius
1257 719 1296 753 et
1314 715 1403 768 quid
1420 716 1504 769 ipse

159 787 378 841 nova-verit,
419 786 550 825 multis
589 786 685 826 locis
725 785 970 842 intelligetur.
1004 785 1117 825 ›Hac'
1139 786 1253 840 igitur
1286 799 1378 826 cura
1410 786 1502 826 nihil

158 857 322 897 arbitror
350 857 541 910 antiquius
574 856 793 896 habendum
820 872 907 897 esse
934 859 995 905 iis,
1036 858 1102 910 qui
1128 857 1331 896 Horatium
1363 857 1501 898 edituri

157 933 257 977 sunt,
285 942 404 983 quum
423 929 470 968 sit
488 929 659 984 ipsorum
686 928 837 984 aequali
863 929 990 970 omnia
1009 928 1229 970 assiduitate
1247 933 1501 983 pertractare:

156 1015 243 1048 noS,
268 1002 331 1054 qui
347 1014 367 1040 a
383 1000 600 1042 definitione
620 1002 781 1054 profecti
800 1001 877 1041 huc
898 1002 1142 1048 devenimus,
1161 1005 1293 1042 nostro
1315 1001 1500 1041 satisfeci-

156 1085 243 1111 mus
256 1070 428 1117 consilio,
447 1072 478 1109 si
499 1071 746 1125 probabiliter
759 1085 780 1113 a
803 1071 913 1115 nobis
933 1072 1239 1112 demonstratum
1253 1077 1322 1118 est,
1346 1070 1500 1112 Mavor-

155 1144 300 1188 tianum
309 1141 511 1181 Horatium
526 1144 605 1182 veri
622 1147 660 1181 et
677 1143 848 1196 germani
863 1142 1011 1182 Horatii
1022 1157 1101 1190 non
1117 1143 1324 1183 admodum
1338 1143 1499 1183 dissimi-

156 1213 235 1255 lem
249 1213 376 1259 fuisse,
397 1227 442 1253 ac
461 1213 574 1253 nimis
586 1215 720 1253 anxios
736 1215 855 1254 videri
871 1229 950 1262 eos,
971 1216 1034 1268 qui
1052 1228 1170 1253 unum
1183 1214 1290 1254 illum
1304 1214 1499 1254 hominem

158 1289 281 1326 ,totum
308 1283 489 1323 volumen
516 1286 567 1322 ita
595 1285 914 1323 contaminavisse
940 1287 1156 1337 opinantur,
1183 1291 1227 1324 ut
1251 1285 1313 1323 vel
1332 1286 1498 1337 optimos

156 1356 325 1402 criticos,
355 1355 385 1394 si
413 1355 515 1395 hunc
543 1359 698 1408 poetam
725 1356 931 1410 attingant,
959 1355 1135 1410 lapsuros
1163 1370 1209 1396 ac
1233 1361 1372 1410 turpe
1399 1355 1500 1395 ist'ud

154 1426 309 1466 solum
349 1432 505 1465 mento
544 1431 713 1464 tacturos
752 1441 837 1466 esse
877 1429 1055 1467 iudicent.
1123 1428 1182 1466 Ad
1221 1428 1345 1480 ipsam
1385 1428 1501 1481 igitur

145 1498 299 1553 ,aliquot
324 1498 501 1541 locorum
530 1497 838 1555 emendationem
865 1506 928 1538 me
957 1504 1193 1546 convertam,
1219 1499 1257 1538 in
1275 1498 1385 1538 cuius
1413 1511 1499 1537 cur-

156 1570 264 1610 riculi
291 1571 467 1624 ingressu
494 1583 613 1622 quum
628 1570 883 1623 praevideam,
899 1584 975 1610 non
996 1584 1083 1610 raro
1111 1570 1381 1623 disputandum
1409 1569 1499 1608 mihi

154 1642 237 1681 [ore
265 1646 399 1682 contra
427 1639 450 1680 l.
468 1641 512 1681 C.
542 1640 745 1689 Orellium‚
783 1642 970 1696 optimum
998 1642 1134 1688 virum,
1163 1641 1271 1683 cuius
1298 1642 1379 1695 ipse
1408 1640 1499 1679 olim

156 1713 430 1768 benignitatem
458 1718 640 1767 expertus
665 1727 762 1760 sum,
789 1713 934 1752 amicos
961 1713 1073 1761 illius,
1101 1727 1199 1767 quos
1226 1712 1411 1767 plurimos
1434 1712 1493 1751 ha·

156 1785 248 1833 buit,
277 1789 434 1839 rogatos
462 1784 586 1832 velim,
617 1789 659 1825 ut
687 1784 849 1824 eandem
874 1784 966 1824 mihi
994 1787 1145 1825 veniam
1172 1785 1350 1832 tribuant,
1385 1797 1500 1837 quam

154 1856 202 1895 ab
230 1841 313 1910 ipso
343 1854 487 1896 Orellio
515 1855 616 1896 haud
638 1855 846 1896 'difficulter
871 1856 1148 1909 impetrassem.

802 2036 863 2089 ΙΙΙ

257 2140 385 2193 Saepe
412 2140 551 2180 accidit
577 2141 615 2180 in
643 2141 804 2181 vetustis
830 2140 953 2187 libris,
994 2144 1036 2178 ut
1062 2138 1295 2193 marginibus
1330 2141 1502 2192 ipsorum

154 2216 236 2255 sive
264 2213 340 2251 situ
367 2218 483 2266 atque
516 2211 679 2251 humore
713 2214 853 2252 arrosis
894 2212 976 2251 sive
1017 2211 1163 2250 detritis
1204 2225 1337 2251 eorum
1377 2210 1502 2264 culpa,

155 2286 220 2339 qui
246 2284 386 2323 librum
413 2297 549 2336 parum
577 2288 687 2322 caute
715 2282 957 2329 evolvebant,
986 2296 1041 2329 ea,
1069 2296 1168 2335 quae
1194 2281 1324 2321 ultima
1341 2287 1450 2321 erant
1467 2283 1505 2321 in

156 2356 316 2411 singulis
331 2354 514 2402 versibus,
532 2360 597 2393 aut
610 2354 722 2410 plane
737 2354 1039 2401 obliterarentm,
1053 2359 1118 2393 aut
1129 2353 1351 2397 ita‘evanida
1364 2352 1507 2399 fierent,

161 2434 202 2467 ut
235 2440 304 2482 pro
338 2426 494 2478 integris
528 2425 725 2470 vocabulis
761 2424 1065 2480 paucae‘literae
1093 2429 1349 2478 superessent.
1394 2423 1504 2463 Eius-

170 2500 271 2538 modi
300 2498 407 2537 locos
435 2512 550 2550 saepe
579 2512 598 2536 a
628 2482 805 2543 librariis,
848 2498 912 2548 qui
940 2498 976 2536 in
1003 2495 1068 2534 tali
1095 2496 1226 2535 codice
1259 2495 1506 2536 describendo
