1669 2839
787 85 849 131 Q

143 195 269 236 sorori
295 208 433 250 parum
460 201 606 243 castae,
638 196 709 235 sed
737 201 780 235 ut
805 200 1023 236 matronam
1049 207 1137 236 eam
1160 195 1282 236 fuisse
1306 196 1494 252 intelliga-
1549 244 1551 246 ¹

143 281 248 315 mus,
281 267 398 321 idque
424 267 606 309 Horatius
634 266 770 307 eadem
797 267 846 308 de
873 281 990 308 causa
1018 267 1237 308 addendum
1265 267 1337 307 sibi
1358 268 1496 308 existi-

144 339 275 385 mavit,
308 342 466 391 propter
492 350 609 390 quam
636 351 764 392 neque
789 325 960 378 filiorum'
981 351 1108 392 neque
1135 337 1351 393 puellarum
1377 338 1496 378 ullam

145 410 380 449 mentionem
408 409 515 449 fecit:
555 423 644 449 nam
673 411 739 464 qui
763 424 835 451 nos
862 409 1129 458 dehortantur,
1168 424 1217 450 ne
1250 408 1496 465 perficiamus

143 481 193 531 id,
221 479 326 534 quod
343 479 457 520 nobis
474 483 759 536 proposuimus,
771 495 855 521 non
874 481 1080 521 audiuntur
1099 481 1193 529 lere,
1219 481 1291 522 nisi
1310 480 1498 536 grav-itate

144 549 379 607 spectabiles
399 557 488 592 sunt
513 566 722 607 rerumque
740 553 906 608 aliquem
931 567 1044 593 usum
1061 552 1216 594 habent.
1256 552 1352 608 Ipsa
1368 557 1498 592 autem

145 624 371 665 diminutiva
389 624 511 663 forma
532 625 730 678 aptissima
752 625 914 672 videtur,
934 638 1053 679 quum
1068 624 1251 671 Horatius
1271 629 1310 664 et
1330 628 1499 664 mater-

145 695 302 736 culam
327 696 430 736 dicat
443 696 552 749 epist.
568 694 594 734 I.
611 697 646 735 7.
660 697 684 734 7
706 701 745 735 et
763 701 963 736 matrem
985 696 1324 749 pauperculam
1344 697 1454 750 epist.
1470 695 1499 737 1.

148 769 207 808 17.
223 766 293 816 46;
320 766 527 807 contractis
555 766 721 821 denique
749 765 1027 808 vocabulorum
1047 766 1179 807 formis
1206 780 1284 808 non
1310 782 1399 808 raro
1427 768 1499 808 uti-

145 839 263 878 turin
281 838 417 885 satiris,
445 843 562 892 atque
589 838 779 881 anicula
805 836 914 879 aliter
941 853 1030 897 non*
1045 844 1199 893 poterat
1215 840 1254 878 in
1271 838 1497 879 hexametro

144 910 245 966 poni.
286 904 362 950 Hic
388 909 600 950 subsistere
627 909 778 958 liceret,
806 911 878 951 nisi
902 909 951 950 N.
977 899 1216 950 Heinsius-in
1238 909 1497 951 Prudentiano

145 996 261 1022 versu
302 981 462 1021 anulla
504 994 649 1034 ponere
691 981 909 1031 maluisset,
948 982 1052 1036 quod
1090 983 1277 1036 scriptum
1310 985 1418 1021 extat
1456 982 1495 1022 in

145 1053 374 1108 quibusdam
398 1051 515 1100 lunis.
557 1051 712 1108 Reliqui
732 1067 825 1093 vero
852 1045 1008 1094 codices
1034 1066 1155 1108 quum
1181 1052 1309 1094 anila
1335 1052 1498 1093 ani'ula

143 1125 286 1165 anula
313 1124 539 1172 exhibeant,
554 1125 633 1164 vix
659 1125 937 1185 dpbitaverim',
960 1113 1052 1181 (Ῑιὶὶῗι
1080 1135 1215 1169 omnes
1241 1126 1339 1166 istae
1363 1121 1500 1176 lectio-

142 1198 201 1238 nis
221 1196 503 1252 discrepantiae
528 1195 691 1236 librariis
709 1196 957 1252 imputandas
975 1198 1060 1247 sint,
1088 1197 1154 1252 qui
1170 1190 1351 1261 facillime
1369 1209 1499 1238 enare

144 1273 323 1324 poterant
347 1269 388 1309 in
421 1267 614 1309 vocabulo
646 1269 854 1309 rarissimo.
906 1269 994 1323 Ipsa
1035 1270 1137 1311 enim
1177 1268 1302 1313 forma
1338 1268 1499 1328 amuda

145 1346 293 1397 pugnat
318 1354 408 1381 cum
425 1340 483 1388 iis,
510 1352 612 1394 quae
628 1339 850 1381 Priscianus
869 1340 918 1381 de
938 1340 1251 1382 diminutivorum
1270 1340 1499 1382 formatione

144 1414 349 1468 praecipit
358 1411 542 1462 (111.c.6
561 1426 596 1466 p.
624 1413 696 1451 128
716 1411 819 1464 Kr.:)
860 1413 1092 1465 secundum
1132 1414 1394 1468 supradictam
1407 1413 1498 1453 l'or—

145 1499 249 1527 mam
277 1490 438 1540 quartae
467 1497 624 1539 quoque
650 1483 920 1531 declinationis
951 1485 1106 1525 nomina
1128 1485 1278 1525 faciunt
1307 1484 1498 1526 dimiruffl-

144 1574 248 1599 vum.
282 1573 328 1599 us
362 1558 465 1598 enim
505 1556 570 1596 vel
597 1571 622 1596 u
648 1556 874 1596 nominativi
905 1557 944 1597 in
970 1557 983 1596 i
1011 1562 1243 1599 convertunt
1278 1544 1500 1612 correptum

143 1638 182 1672 et
208 1632 402 1687 accipiunt
427 1630 539 1685 culus
566 1630 605 1670 in
633 1627 865 1676 masculino,
892 1629 932 1669 in
959 1630 1141 1671 feminino
1170 1629 1269 1678 cula,
1293 1630 1334 1670 in
1358 1634 1498 1670 neutro

145 1703 288 1752 culum,
303 1708 359 1743 ·ut
386 1717 523 1744 currus
538 1700 765 1749 curriculus,
783 1701 930 1743 dicitur
949 1708 1077 1743 tamen
1097 1707 1137 1742 et
1153 1701 1229 1743 hoc
1254 1701 1500 1750 curriculum,

144 1789 281 1815 versus
308 1774 540 1821 versiculus,
578 1778 685 1812 artus
720 1772 922 1822 articulus,
962 1774 1103 1814 fluctus
1129 1773 1366 1821 flucticulus,
1402 1787 1498 1813 anus

143 1846 306 1903 ajiicula,
335 1860 457 1887 cornu
483 1844 736 1893 corniculum,
764 1859 870 1900 genu
885 1846 1116 1902 geniculum.
1131 1831 1334 1900 ‚excipitur
1353 1844 1401 1885 ab
1421 1858 1495 1886 acu

142 1919 312 1967 aculeus,
336 1918 492 1971 [domus
507 1918 740 1960 domuncula
740 1918 782 1970 J.·
816 1917 858 1957 In
877 1919 936 1959 his
954 1919 1058 1972 quod
1078 1923 1318 1958 contractam
1336 1918 1499 1958 formam

143 1990 300 2032 anicla
347 2003 423 2030 non
470 1991 792 2030 commemoravit
838 1990 1131 2046 grammaticus,
1178 2002 1294 2030 nemo
1348 1989 1500 2030 mirabi-

143 2070 226 2104 tur:
253 2062 466 2103 anullam
494 2075 603 2110 vero,
639 2062 672 2101 si
697 2063 749 2101 ita
777 2068 868 2103 tunc
894 2063 1014 2103 locuti
1042 2068 1191 2111 essent,
1230 2077 1308 2103 non
1334 2061 1500 2103 debebat

142 2136 333 2177 omittere.

245 2208 365 2264 Epist.
394 2207 441 2249 11.
465 2209 502 2248 2.
535 2209 607 2248 109
635 2221 718 2262 sqq.
752 2205 851 2247 haec
885 2212 976 2247 sunt
1001 2206 1049 2246 ab
1079 2207 1233 2262 optimis
1271 2207 1386 2246 etiam
1421 2205 1500 2244 edi-

147 2280 292 2321 toribus
319 2281 498 2337 probata:

330 2359 369 2392 at
396 2354 460 2407 qui
486 2353 703 2408 legitimum
729 2351 859 2404 cupiet
884 2352 1022 2391 fecisse
1049 2365 1201 2406 poema,

331 2437 420 2464 cum
447 2424 586 2464 tabulis
612 2424 784 2464 animum
811 2423 982 2463 censoris
1010 2427 1139 2462 sumet
1164 2421 1336 2462 honesti:

329 2495 494 2544 audebit,
520 2509 775 2552 quaecunque
801 2509 938 2550 parum
963 2494 1179 2551 splendoris
1206 2492 1401 2534 habebunt

938 2655 960 2677 C
