1669 2839
727 50 858 119 *ai
1189 42 1192 51 ⁴

150 183 318 231 nomine,
346 177 464 237 atque
492 186 551 221 est
577 181 640 221 illa
666 184 801 221 namra
830 178 1137 223 sua-admodlm
1162 182 1503 242 mummuli*

150 267 243 293 suas
271 253 410 308 singuli
429 259 468 293 et
498 253 646 307 populi
661 256 701 290 et
726 252 867 305 poetae
885 270 887 272 ·
903 261 1023 296 ures
1041 252 1111 293 de'
1127 250 1503 306 tfflbuaenmnflm

149 325 311 373 soleant,
339 337 503 379 quarum
528 322 578 363 de
604 322 753 363 iudiciis
774 318 1096 382 powjssueula
1119 307 1384 364 difficillimum
1409 322 1524 379 'prob

151 397 253 437 fecto
288 401 346 435 est
372 394 553 434 iudicare.
608 393 765 434 Exstitit
794 393 954 449 ψήὥβ
985 394 1103 442 nnus,
1137 392 1240 434 haud
1273 393 1502 448 inelegantis

149 466 289 522 ingenii
320 466 391 514 vir,
432 466 498 520 qui
530 464 709 506 licentiae
748 464 850 506 illius
882 456 934 518 ue
961 440 1108 508 *hoc
1147 464 1304 520 quidem
1335 455 1502 505 nomine

148 535 330 590 exempla
370 536 507 576 deesse
545 550 616 590 pro
649 542 757 576 certo
794 532 1017 579 affirmavi:
1058 541 1098 576 at
1118 523 1314 590 ⁸‘equidem
1352 533 1502 578 nullum

147 609 288 656 inveni,
322 621 369 647 ac
394 608 517 662 magis
556 621 620 647 me
647 605 888 648 Lachmanui·
910 604 1139 658 auctoritate
1173 606 1323 646 moveri
1363 606 1498 652 fatcor,

148 681 214 735 qui
251 680 291 719 in
332 678 612 718 commentario
651 676 886 719 Lucretiam
924 691 962 733 p.
977 676 1039 717 <87
1079 676 1179 718 lucc
1221 677 1392 730 scripsit:
1422 676 1500 729 ’,ἂι

147 749 320 806 Apulia
348 754 388 789 et
413 747 585 803 Apulis
624 762 837 804 numquam
877 747 1094 790 dubit-tum
1127 753 1208 799 est,
1246 749 1338 805 quin
1376 747 1500 803 prima
1634 782 1665 797 2,

146 821 295 875 syssaha
342 820 590 874 producenda
637 827 757 869 esset,
809 822 939 875 itaque
978 818 1152 860 Lucilius
1181 818 1317 877 ff
1340 819 1579 882 Feflm‘gss
1650 816 1668 871 ζ

144 907 181 949 p.
209 893 298 941 313,
329 892 372 931 ll
402 891 440 931 in
469 890 696 931 hexametro
725 890 965 947 Apuliden
1003 890 1209 945 pedibus
1235 890 1497 932 stlembum.
1540 881 1563 893 '⁷

145 977 266 1018 quare
293 963 448 1002 indocte
475 968 692 1015 provocant
718 963 767 1002 ad
795 962 1087 1016 ambiguitatem
1117 964 1391 1017 propriorum,
1419 963 1497 1017 ⁴qui

143 1037 182 1077 in
209 1034 359 1076 Horatii
386 1033 600 1073 carminum
626 1031 683 1072 111.
711 1034 743 1091 4¹
764 1038 920 1073 tuentur
951 1045 1108 1073 versum
1135 1031 1353 1074 foedissime
1378 1034 1498 1074 inter·-

144 1105 318 1158 polatum
359 1104 461 1143 hunc
488 1104 690 1143 Altricis
739 1111 881 1144 extra
920 1106 1062 1145 limen
1098 1105 1350 1159 Apuliae?
1390 1105 1506 1155 Quid

144 1175 249 1230 quod
274 1188 324 1214 ne
352 1179 510 1214 centum
538 1175 695 1229 quidem
723 1175 902 1230 exempla
921 1176 968 1216 ad
986 1175 1094 1215 illum
1120 1188 1279 1215 versum
1306 1176 1494 1216 tuendum

143 1248 236 1286 satis
262 1249 392 1285 erunt:
433 1259 524 1285 nam
559 1247 707 1285 etiamsi
737 1247 1039 1293 demonstretur,
1079 1246 1273 1300 duplicem
1307 1247 1495 1288 eiusmodi

142 1330 364 1358 mensuram
391 1330 462 1372 per
488 1330 531 1356 se
557 1317 682 1372 ipsam
710 1317 863 1363 tolerari
891 1332 1018 1373 posse,
1045 1320 1084 1358 in
1109 1318 1169 1358 his
1195 1324 1325 1358 tamen
1342 1317 1494 1358 Horatii

141 1388 319 1429 versibus
336 1389 389 1427 ita
407 1389 537 1442 inepta
553 1387 746 1428 videbitur
764 1393 803 1428 et
821 1391 892 1429 arti
920 1390 1122 1437 contraria,
1149 1394 1193 1428 ut
1210 1389 1350 1429 eodem
1368 1403 1492 1444 paene

140 1463 223 1501 iure
250 1459 461 1500 versiculos
489 1459 592 1508 illos,
621 1473 718 1514 quos
745 1461 855 1514 pueri
877 1460 1061 1509 ediscunt,
1089 1467 1165 1515 ⁴est
1192 1475 1284 1502 acer
1308 1461 1347 1500 in
1375 1460 1492 1509 silvis,

141 1547 266 1588 equus
299 1545 390 1572 acer
416 1531 598 1586 Olympia
636 1531 772 1571 vincit’
799 1537 839 1571 et
872 1533 937 1587 qui
969 1532 1082 1572 huius
1108 1532 1253 1572 similes
1287 1538 1387 1581 sunt,
1419 1540 1492 1588 pro'

138 1604 358 1645 Horatianis
398 1602 599 1643 venditare
640 1604 778 1657 possis.
822 1602 963 1659 Neque
997 1605 1124 1644 minus
1162 1602 1314 1643 firmum
1341 1619 1389 1645 ac
1414 1610 1492 1645 sta-

139 1677 214 1717 bile
241 1675 336 1716 illud
363 1679 424 1714 est
449 1679 732 1729 argumentum,
760 1674 866 1729 quod
891 1676 1049 1730 copiose
1079 1676 1260 1731 exposuit
1282 1674 1492 1725 Bentleius,

137 1762 216 1789 non
244 1746 422 1787 decuisse
448 1744 653 1784 Horatium
671 1746 709 1785 in
727 1746 824 1785 locis
852 1746 1112 1789 describendis
1139 1752 1218 1786 tam
1245 1748 1359 1787 anxie
1377 1760 1493 1787 accu-

137 1824 264 1859 ratum
292 1830 399 1864 esse,
441 1820 485 1855 ut
512 1829 591 1856 non
619 1816 668 1856 de
695 1816 858 1857 Volture
885 1817 1012 1857 solum
1041 1818 1201 1865 diceret,
1242 1818 1312 1859 sed
1339 1818 1388 1858 de
1414 1831 1491 1858 una

135 1889 263 1945 aliqua
290 1886 465 1927 Volturis
488 1892 604 1942 ‘parte
631 1892 736 1928 trans
762 1891 890 1943 ipsum
919 1888 1082 1943 Apuliae
1109 1888 1224 1928 finem
1251 1889 1340 1936 sita,
1373 1889 1490 1944 idque

134 1962 175 2000 in
200 1947 323 2013 lyrico
352 1961 540 1999 carmine:
582 1960 673 2013 quid
701 1961 803 2000 enim
831 1961 967 2008 refert,
1007 1975 1083 2015 qua
1111 1961 1198 2015 quis
1222 1961 1261 2000 in
1288 1962 1487 2014 provincia

133 2033 172 2072 in
199 2016 416 2086 periculum
444 2030 608 2085 capitale
634 2031 837 2071 inciderit?
879 2030 1014 2086 ltaque
1055 2031 1159 2087 quod
1199 2044 1277 2071 non
1305 2031 1424 2072 miror
1449 2033 1488 2073 in

134 2104 354 2152 Mamerto,
383 2104 493 2144 cuius
520 2116 615 2143 sane
649 2108 733 2143 erat
758 2103 1020 2159 geographiae
1047 2104 1272 2159 dignitatem
1299 2106 1413 2152 tueri,
1447 2106 1486 2147 id

132 2177 170 2215 in
197 2175 282 2215 aliis
315 2188 554 2230 magnopere
581 2176 717 2223 miror,
759 2188 839 2224 eos,
867 2180 911 2214 ut
931 2176 1162 2230 impugnent
1187 2174 1421 2222 Bentleium,
1445 2176 1491 2219 int

134 2247 308 2288 locorum
336 2248 412 2288 situ
440 2245 679 2302 explorando
707 2248 853 2287 versari
893 2246 1019 2296 malle,
1060 2260 1177 2303 quam
1215 2245 1309 2302 quid
1340 2245 1486 2300 lyricae

132 2321 240 2372 poesi
259 2319 466 2358 conveniat
493 2331 692 2371 quaerere,
719 2321 829 2373 quasi
860 2318 953 2358 nihil
972 2321 1121 2359 intersit
1138 2319 1237 2358 inter
1251 2317 1484 2358 Strabonem

132 2395 251 2445 atque
278 2388 492 2430 Horatium.
554 2388 647 2438 Alii,
689 2391 753 2445 qui
797 2389 963 2431 salutem
1004 2403 1141 2430 versus
1181 2390 1221 2430 in
1262 2389 1482 2429 coniectura

130 2463 297 2517 positam
317 2474 402 2500 esse
430 2467 535 2501 recte
553 2461 836 2510 intellexerunt,
864 2464 935 2517 ipsi
956 2462 1111 2516 quoque
1136 2460 1310 2502 similiter
1339 2468 1485 2508 errant:
