1669 2839
711 95 806 144 117·

94 235 168 264 non
182 213 343 263 videam,
359 213 449 269 quid
466 209 659 265 impediat,
668 211 880 265 (quominus
893 210 955 251 vel
973 212 1136 266 optimos
1150 211 1353 266 scriptores
1370 206 1423 254 eo'

96 294 147 335 uti
164 289 337 346 potuisse
350 285 562 330 credamus,
585 283 808 337 praesertim
822 290 940 338 quum
962 298 984 324 c
994 284 1094 323 oriu
1104 297 1140 323 m
1164 284 1202 323 in
1217 284 1348 324 eadem
1373 295 1421 325 re'

91 376 210 419 paene
238 359 408 399 sollenne
425 358 474 396 sit
485 356 588 409 apud
611 354 811 395 Plautum<
841 355 968 396 Possit
982 356 1134 410 quidem
1160 355 1278 396 altera
1296 356 1416 396 forma

92 431 324 475 decoriari
351 426 473 484 aptior
501 426 619 466 videri
636 426 682 467 de
703 426 908 481 vapulante
928 427 1101 468 homine:
1128 432 1167 467 at
1182 426 1320 468 Graeci
1339 440 1415 482 quo

92 521 178 562 que,
191 516 319 559 quum
355 500 489 540 similia
506 513 594 538 ηὸτι
596 506 669 547 ant
698 497 916 554 ἅποδέρειν
939 506 977 540 et
1001 500 1173 553 ἐκδέρειν
1199 500 1415 554 promiscue

90 581 280 644 usurpant,
309 586 471 629 quorum
489 570 563 611 hoc
589 585 626 611 ν.
649 584 681 611 c.
706 571 807 626 apud
830 571 1119 626 Aristophanem
1138 576 1197 611 est
1216 585 1321 627 vesp.
1339 572 1415 611 450

88 662 354 705 προσαγαγων
378 645 481 699 πρὸς
506 644 577 699 τὴν
602 641 726 685 ἐλάαν
752 641 914 698 ἐξέδειρ’
944 639 989 685 εὖ
1013 641 1252 699 κάνδρικῶς.

185 934 439 986 Posteaquam
466 931 740 986 disputavimus
764 933 808 972 iis
835 934 882 973 de
908 924 1014 989 locis,
1042 933 1106 986 qui
1133 936 1286 986 propter
1313 931 1414 969 simi-

85 1005 279 1047 litudinem
305 1004 368 1045 vel
395 1005 572 1046 vitiorum
600 1004 662 1044 vel
688 1007 902 1060 argumenti
929 1006 1045 1045 artius
1072 1002 1295 1044 videbantur
1323 1015 1414 1043 con-

84 1078 200 1117 iuncti
239 1090 342 1124 esse,
383 1076 431 1116 de
470 1075 557 1115 aliis
587 1077 815 1130 quibusdam
856 1077 1059 1118 dicendum
1095 1082 1168 1123 est,
1210 1076 1274 1129 qui
1310 1072 1413 1113 nulla

87 1147 268 1190 eiusmodi
308 1148 492 1188 societate
527 1150 777 1190 continentur.
830 1148 870 1189 In
896 1149 954 1189 his
986 1148 1188 1188 trastandis
1215 1146 1411 1202 vulgarem

84 1221 267 1261 librorum
296 1220 466 1261 ordinem
494 1235 710 1275 sequemur.

149 1284 154 1290 ’
186 1290 313 1333 Carm'.
341 1292 366 1332 l.
395 1295 457 1334 37.
486 1295 510 1333 6
537 1309 637 1349 sqq.:

744 1366 835 1406 dum
863 1364 1049 1420 Capitolio

426 1440 556 1493 regina
585 1438 780 1477 dementes
807 1438 934 1477 ruinas

426 1495 538 1548 fu’nus
565 1515 603 1548 et
629 1510 787 1562 imperio
815 1510 974 1562 parabat

426 1582 681 1621 contaminato
710 1595 797 1622 cum
824 1595 943 1636 grege
970 1581 1135 1636 turpium

390 1645 393 1648 ⁴
426 1654 559 1694 morbo
587 1656 766 1712 virorum.
1051 1700 1053 1703 ¹

83 1729 152 1789 Est
178 1730 239 1769 hic
266 1729 374 1768 locus
401 1741 451 1766 ex
477 1727 533 1774 iis,
560 1740 656 1780 quos
684 1732 885 1781 corruptos
913 1742 997 1767 esse
1023 1727 1132 1767 multi
1150 1731 1188 1766 et
1208 1724 1296 1765 olim
1325 1739 1411 1764 sen-

83 1807 213 1841 serunt
250 1805 288 1840 et
305 1798 430 1838 adhuc
457 1799 632 1847 sentiunt,
660 1812 890 1853 quamquam
910 1800 940 1837 si
959 1801 1042 1853 quis
1061 1799 1168 1838 aliter
1187 1812 1227 1838 se
1245 1798 1412 1837 iudicare

83 1872 288 1927 profitetur,
315 1873 347 1911 is
374 1869 442 1911 *Nx
468 1872 607 1926 poterit
632 1872 781 1911 invictis
810 1872 1041 1926 argumentis
1069 1871 1115 1911 de
1134 1871 1317 1911 sententia
1344 1869 1407 1909 de-

82 1945 152 1984 iici.
194 1943 293 1983 Nam
320 1942 412 1982 illud
441 1944 593 1997 quidem
617 1940 827 1998 agnoscent
841 1957 984 1991 omneS,
1005 1943 1231 1998 Cleopatrae
1250 1943 1408 1982 comites

83 2016 113 2054 si
141 2028 216 2053 uno
245 2014 431 2053 vocabulo
459 2019 624 2068 turpes
651 2014 828 2069 appellati
856 2020 998 2063 essent,
1031 2015 1096 2053 vix
1122 2019 1249 2053 tamen
1278 2027 1406 2067 quem-

86 2098 199 2140 quam
227 2084 484 2124 dubitaturum
511 2098 613 2136 esse,
655 2088 743 2142 quin
772 2099 903 2127 eorum
931 2087 1123 2142 turpitudo
1150 2086 1187 2126 in
1215 2100 1260 2126 eo
1288 2086 1409 2141 posita

85 2158 206 2203 suerit,
233 2156 335 2209 quod
362 2157 525 2198 eunuchi
540 2165 663 2199 erant:
691 2174 735 2199 ac
753 2159 891 2199 licebat
916 2165 1053 2213 poetae
1080 2159 1242 2198 breviori
1270 2173 1353 2198 esse
1372 2159 1409 2197 in

85 2228 246 2268 recentis
287 2228 466 2267 victoriae
498 2232 872 2271 commemoratione.
927 2231 1002 2282 Qui
1028 2234 1057 2271 si
1084 2231 1231 2285 plenius
1257 2231 1303 2270 de
1331 2235 1410 2269 tur-

85 2301 187 2354 pium
214 2300 530 2340 contaminato
558 2315 675 2356 grege
704 2303 809 2351 dixit,
835 2305 886 2343 ita
914 2317 1065 2344 omnem
1092 2302 1238 2341 videtur
1264 2315 1409 2341 sermo-

88 2372 145 2411 nis
173 2371 455 2427 ambiguitatem
483 2360 645 2419 vitasse}
665 2378 707 2412 ut
732 2374 839 2427 plura
867 2390 942 2416 non
970 2374 1160 2415 desideres
1187 2376 1410 2429 praesertim

90 2442 127 2481 in
153 2442 270 2496 lyrico
299 2445 474 2485 carmine.
527 2443 686 2483 Morbo
715 2458 783 2484 cur
810 2435 1008 2494 addiderit,
1044 2460 1121 2486 non
1148 2449 1239 2487 satis
1272 2445 1411 2486 intelli-

92 2514 207 2567 gitur:
233 2517 308 2557 imo
335 2518 529 2559 fatendum
556 2525 631 2567 est,
656 2518 695 2558 id
724 2519 950 2561 vocabulum
977 2519 1025 2560 ad
1052 2520 1240 2576 spadones
1268 2521 1409 2563 descri-
