1669 2839
724 0 746 9 τ·
812 0 816 3 -
836 0 864 19 »22⁸

761 42 782 58 ἰ

749 65 812 125 81*

118 199 284 242 affectus.
302 197 374 234 autv
394 192 449 233 ira
475 190 666 247 percitus.⁸
721 190 904 245 Apparet,
932 189 1084 245 opinor,
1122 202 1238 244 quam
1265 191 1383 232 multa
1411 192 1459 233 de

118 271 195 310 suis
214 267 400 306 Horatio
422 263 581 318 largitus
615 264 662 300 sit
687 263 746 301 vir
773 261 1023 309 clarissimus,
1066 275 1113 301 ac
1139 276 1188 300 ne
1216 263 1270 301 sic
1306 262 1460 316 quidem

117 339 259 387 effecit,
291 342 335 377 ut
361 335 488 376 omnia
516 338 620 373 recte
647 333 895 392 cohaereant:
920 331 982 372 illa
1011 334 1111 373 enim
1137 334 1410 388 interpretatio,
1439 350 1459 375 a

115 413 190 466 qua
218 423 339 465 prope
372 400 525 453 absunt,
554 420 652 460 quae
679 406 806 461 apud*
843 393 1000 445 cronem
1028 406 1218 461 leguntur,
1254 420 1330 446 non
1360 407 1460 447 male

116 471 323 536 respondet
348 477 593 533 praecedenti
619 479 746 516 versui
776 490 868 530 ‘neu
883 478 984 516 desis
998 490 1138 530 operae
1157 491 1256 516 neve
1274 478 1461 518 immode-

117 560 223 595 ratus
250 548 455 598 abundes'3
496 553 535 587 at
560 562 636 588 non
664 549 796 596 video,
831 562 1014 603 quorsum
1041 554 1123 588 tum
1151 554 1301 603 spectet
1328 565 1460 590 exem-

117 625 222 679 plum
251 637 271 661 a
300 621 500 661 comoedia
529 627 735 675 sumptum.
778 619 933 659 Davum
963 626 1078 667 certe,
1107 621 1181 674 qui,
1209 635 1327 674 quum
1355 628 1462 662 metu

117 694 355 742 exanimatus
371 697 484 741 esset,
510 691 661 745 obstipo
689 692 1023 745 capitossmmotus
1050 691 1194 740 stabat,
1223 694 1357 746 quavis
1386 698 1462 733 sta-

116 773 182 806 tua
208 765 493 804 tacitumiorem
518 764 637 802 fuisse
665 764 793 810 credo,
820 778 896 805 non
916 758 1156 804 medietatum
1186 768 1302 817 atque
1328 759 1462 804 iucun—

116 835 208 877 duih
234 849 525 890 congerronem.
566 834 745 888 Denique
773 836 838 889 qui
866 834 982 888 ‘ultro
1012 834 1141 875 silere'
1169 840 1332 885 vetatur,
1359 829 1407 883 is,
1431 837 1462 875 si

116 909 218 947 dicto
246 908 405 945 audiens
432 912 506 953 est,
534 906 693 946 nullum,
710 907 890 959 loquendi
925 906 1040 945 finem
1069 908 1200 952 saciet,
1239 908 1462 960 priusquam

115 979 305 1019 silentium
331 978 561 1032 imperatum
589 977 655 1025 sit,
690 977 794 1031 quod
821 978 947 1032 ipsum
976 978 1187 1017 maximum
1217 983 1275 1017 est
1302 978 1463 1034 garruli-

115 1051 205 1089 tatis
232 1051 517 1089 documentum.
560 1048 649 1088 Non
679 1055 761 1088 erat
777 1038 962 1103 profecto,
983 1064 1051 1089 cur
1078 1051 1308 1103 interpretes
1335 1052 1371 1089 in
1399 1050 1462 1090 illa

116 1121 256 1161 vocula
294 1126 442 1160 tantum
484 1134 624 1174 operae
664 1128 946 1162 consumerent.
1003 1122 1118 1172 Quod
1161 1122 1262 1161 enim
1296 1121 1461 1161 Orellius

116 1192 244 1231 ultro
272 1193 309 1231 in
331 1194 482 1246 optimis
510 1192 614 1231 libris
643 1207 728 1231 esse
754 1208 824 1247 pro
846 1200 952 1234 certo
978 1193 1155 1239 affirmat,
1183 1199 1284 1232 errat
1301 1208 1462 1249 magno-

119 1278 229 1317 pere,
270 1278 389 1316 quum
418 1263 612 1318 Cruquius
638 1265 675 1303 in
705 1271 884 1318 quattuor
912 1265 1121 1305 Blandiniis
1155 1265 1351 1304 codicibus
1385 1279 1462 1306 non

118 1334 246 1373 ultro
273 1335 473 1382 invenerit,
515 1336 581 1374 sed
608 1336 744 1375 ultra.
800 1337 926 1387 Quam
967 1337 1171 1375 lectionem
1213 1338 1294 1389 qui,
1336 1338 1463 1391 ipsum

118 1405 333 1459 Cruquium
354 1408 486 1455 secuti,
521 1409 572 1447 ita
599 1409 905 1463 interpretantur,
934 1409 1042 1462 quasi
1071 1407 1184 1461 ‘ultra
1213 1408 1406 1461 garrulus'
1432 1409 1464 1447 is

120 1477 276 1524 dicatur,
307 1478 371 1529 qui
399 1477 498 1516 ultra
526 1479 684 1518 modum
713 1481 854 1533 garriat
880 1493 926 1518 ac
951 1479 1123 1526 blateret,
1152 1479 1290 1517 eodem
1310 1480 1465 1517 nomine

118 1553 299 1603 peccant,
341 1563 418 1602 quo
459 1551 646 1602 quosdam
686 1552 841 1591 alterius
867 1551 1042 1591 lectionis
1070 1556 1253 1604 patronos
1280 1563 1464 1603 peccasse

118 1621 301 1659 vidimus:
342 1620 540 1673 garrulum
568 1625 666 1662 enim
708 1624 899 1662 neminem
936 1636 1139 1668 vocamus,
1173 1622 1243 1660 nisi
1272 1621 1335 1673 qui
1363 1621 1463 1660 ultra

117 1692 276 1731 modum
305 1691 469 1730 disertus
497 1693 554 1731 sit.
604 1691 742 1747 Neque
771 1699 898 1734 tamen
929 1693 1072 1741 dubito,
1102 1694 1192 1747 quin
1219 1692 1344 1731 ultra
1374 1694 1466 1733 scri-

118 1770 228 1818 ptum
266 1763 379 1802 fuerit
413 1762 458 1801 ab
488 1763 668 1803 Horatio:
696 1766 954 1820 corruptelam
981 1766 1019 1805 in
1047 1765 1091 1803 iis
1125 1763 1243 1804 latere
1277 1766 1465 1812 existimo,

120 1849 218 1888 quae
235 1835 415 1888 proxime
444 1841 666 1887 sequuntur,
697 1851 772 1876 non
796 1852 966 1891 gravem,
996 1838 1142 1890 opinor,
1171 1841 1288 1888 atque
1315 1837 1466 1883 sanabi-

118 1906 206 1953 lem,
233 1906 445 1945 ,dummodo
474 1908 777 1955 meminerimus,
806 1914 1001 1947 mortuum
1036 1907 1229 1946 hominem
1264 1906 1382 1945 verba
1411 1908 1466 1945 fa—

119 1979 284 2016 cientem
297 1977 437 2023 induci,
459 1982 660 2030 totumque
676 1992 829 2017 carmen
844 1979 1074 2017 Homericae
1090 1976 1226 2030 νεκυίᾳ
1241 1980 1466 2018 continuari.

118 2049 158 2089 In
173 2047 309 2103 νεκυίᾳ
324 2052 453 2088 autem
477 2053 714 2089 mortuorum
736 2064 780 2090 ea
800 2051 966 2091 conditio
988 2056 1057 2098 est,
1077 2055 1119 2089 ut
1138 2049 1293 2089 admissi
1313 2050 1468 2090 demum

119 2121 165 2160 ab
192 2106 307 2160 Ulixe
335 2120 383 2158 ad
412 2121 638 2173 sanguinem
667 2121 874 2161 bibendum
903 2128 1073 2161 mentem
1096 2136 1140 2161 ac
1163 2135 1379 2160 sermonem
1408 2136 1468 2160 re-

120 2196 315 2246 cuperent.
363 2190 484 2240 Unus,
513 2193 544 2232 si
572 2192 618 2232 ab
654 2194 736 2248 ipso
766 2193 912 2233 Tiresia
942 2194 1159 2240 dicesseris,
1203 2191 1370 2246 Elpenor
1399 2197 1468 2238 est,

120 2265 186 2317 qui
212 2277 288 2302 non
327 2270 443 2317 potus
485 2278 572 2303 cum
608 2264 673 2303 illo
710 2265 952 2320 colloquitur,
995 2271 1033 2304 at
1059 2265 1095 2303 id
1127 2269 1165 2301 et
1190 2262 1384 2302 veteribus
1418 2264 1469 2302 ita

121 2336 258 2374 mirum
285 2340 347 2374 est
373 2336 509 2382 visum,
538 2340 580 2373 ut
599 2334 801 2389 Elpenoris
830 2337 923 2377 illud
951 2335 1192 2391 privilegium
1223 2334 1340 2373 fuisse
1369 2334 1471 2374 dice-

120 2413 222 2455 rent,
263 2408 443 2462 quoniam
484 2407 656 2461 sepultus
695 2409 868 2448 nondum
906 2410 1038 2448 suisset
1074 2405 1223 2455 (scholl.
1267 2407 1314 2446 ad
1343 2407 1366 2445 λ
1392 2406 1469 2455 51),

122 2479 231 2520 etin
251 2480 409 2521 offendit
424 2480 687 2537 doctissimum
705 2481 831 2529 virum
857 2494 1075 2534 meumque,
1104 2480 1196 2520 dum
1216 2481 1253 2519 in
1274 2479 1372 2517 vivis
1395 2478 1466 2516 fuit
