1669 2839
795 93 886 142 foe

165 222 237 264 pro
270 213 383 249 certo
411 209 598 250 instantis
619 209 781 248 -mortis-
810 208 920 262 signo
949 206 1176 251 habebatur.
1201 224 1204 235 2
1231 207 1380 252 Celsus·
1400 214 1509 253 certe

165 293 256 320 eum
276 280 472 321 -dolorem
503 293 627 338 saepe
655 293 678 319 a
698 279 864 320 medicis
890 281 1017 321 sanari
1047 279 1107 321 -his
1142 279 1269 321 verbis
1297 280 1508 335 significat,

166 354 318 405 (medic.
343 353 397 394 11.·
422 354 458 392 8.
484 366 529 407 -p.
559 353 609 392 75
646 353 762 407 Bip.):
805 352 986 406 ‘laterum
1006 354 1193 401 dolores,
1234 355 1509 410 suppuratione

165 426 283 473 facta,
311 424 449 465 deinde
474 426 571 466 intra
591 426 938 480 ¹quadragesimum
966 426 1066 465 diem
1092 431 1274 481 purgata,
1301 424 1507 467 finiuntur!

166 498 483 552 Atqueeiusdem
505 497 629 538 morbi
649 499 877 554 gravitatem
890 499 1014 553 magis
1033 499 1149 552 etiam
1167 502 1360 546 extenuat,
1388 511 1507 553 quum

163 569 287 617 docet,
315 584 404 610 eum
424 570 674 611 interdum
703 572 826 613 intra
853 570 1066 612 dolorem
1093 583 1219 621 esse,
1249 559 1372 631 'modo
1400 570 1507 613 tarde

96 639 102 642 ”
163 643 281 684 modo
308 643 484 685 celeriter
506 644 622 691 solvi,
661 645 853 684 interdum
880 644 938 684 ad
955 645 1164 699 perniciem
1190 650 1345 699 quoque
1372 657 1507 698 proce-

164 715 273 764 dere,
312 716 346 754 si
373 716 516 756 oriatur
555 721 692 756 acutus
734 715 909 765 morbus,
947 717 1011 771 qui
1052 711 1313 770 nzevqm'xbg
1337 730 1361 757 a
1386 714 1507 756 Grae-

163 789 218 829 cis
245 789 464 829 nominetur
490 787 568 839 (IV.
590 790 624 828 6.
645 803 681 843 p.
700 789 803 837 213).
856 788 995 842 Neque
1022 788 1070 828 ab
1091 788 1156 828 his
1185 789 1357 828 dissentit
1382 787 1506 832 Hora-

161 861 248 908 tius,
276 874 396 916 quum
423 861 531 915 epist.
550 859 576 900 1.
606 862 641 900 6.
658 860 718 899 28,
740 862 824 910 (sat.
843 859 947 900 lls3.
980 859 1068 906 163)
1096 860 1144 901 de
1171 865 1317 901 acuto
1337 859 1506 901 laterum

160 932 297 974 morbo
326 934 446 981 dicat,
467 932 664 977 Sabellam
678 938 820 974 ‘autem
848 945 964 973 anum
990 938 1060 973 sat.
1080 932 1106 973 1.
1126 934 1162 973 9.
1181 933 1233 972 32
1254 933 1419 973 laterum
1437 933 1506 972 do-

160 1005 282 1045 lorem
310 1019 384 1045 una
413 1019 502 1045 cum
530 1007 623 1045 tussi
642 1011 681 1045 et
697 1006 869 1061 podagra
897 1006 1263 1045 commemorantem
1290 1006 1413 1053 faciat,
1441 1005 1506 1060 qui

161 1077 286 1119 morbi
314 1082 356 1118 ut
380 1083 583 1133 possunt
611 1079 814 1134 perniciosi
842 1092 944 1127 esse,
980 1080 1032 1119 ita
1059 1093 1136 1119 non
1165 1078 1291 1120 solent
1315 1079 1418 1123 inter
1440 1078 1506 1118 de-

161 1156 337 1204 speratos
353 1151 496 1191 haberi.
531 1151 675 1192 Similis
694 1158 754 1191 est
771 1153 867 1191 ratio
889 1151 1066 1191 dolorum
1085 1153 1232 1205 capitis.
1267 1150 1354 1190 Fuit
1372 1162 1505 1200 eorum

161 1236 280 1263 unum
307 1237 430 1279 genus
459 1221 857 1280 (κεφαλαίανθτεεοί
872 1223 1091 1276 vocabant),
1120 1224 1221 1279 quod
1250 1222 1505 1279 ‘pestiferum’

160 1296 354 1337 existimat
370 1295 528 1337 Celsus:
556 1303 595 1336 at
612 1297 716 1336 idem
744 1291 934 1335 eiusmodi
949 1295 1113 1335 ⁷dolores
1139 1296 1330 1336 interdum
1366 1309 1505 1350 graves

159 1380 286 1422 neque
313 1373 444 1408 tamen
469 1369 705 1416 mortiferos,
742 1367 931 1410 interdum
958 1368 1010 1407 ita
1036 1366 1177 1408 nullius
1210 1370 1393 1409 momenti
1420 1382 1505 1408 esse

159 1446 302 1489 monet,
338 1447 380 1482 ut
408 1441 473 1481 vix
501 1442 658 1482 morbus
686 1441 836 1482 dicendi
863 1441 938 1481 sint
964 1439 1042 1490 (lv.
1066 1441 1102 1479 2.
1129 1454 1165 1493 p.
1188 1441 1363 1494 19l¹sq.).
1405 1439 1505 1480 E'um

160 1526 255 1552 vero
281 1513 476 1561 morbum,
517 1505 581 1567 qui
609 1513 761 1567 Graeco
804 1513 957 1553 nomine
990 1509 1211 1566 κὰρδιακός
1243 1510 1504 1567 appellabatur

160 1587 264 1635 (cor
291 1586 392 1624 enim
420 1585 522 1639 quod
550 1591 829 1626 commemorat
856 1578 1049 1632 Horatius,
1075 1586 1113 1624 id
1135 1590 1239 1624 recte
1255 1583 1358 1624 ‘illuc
1384 1585 1503 1624 refer-

158 1655 286 1697 tur'ab
304 1656 590 1712 interpretibus)
617 1657 825 1699 admodum
851 1657 1109 1712 periculosum
1124 1657 1252 1706 fuisse,
1270 1657 1372 1697 idem
1395 1658 1503 1697 testis

159 1735 239 1769 est:
272 1743 373 1778 nam,
401 1731 631 1770 enumeratis
659 1730 885 1785 quibusdam
913 1730 1091 1770 remediis
1118 1731 1155 1770 in
1175 1731 1370 1770 curatione
1393 1718 1503 1769 'adhi-

159 1801 303 1850 bendis,
331 1801 427 1843 haec
455 1802 606 1843 subiicit
633 1802 704 1854 (lll.
736 1805 792 1843 19.
821 1817 857 1857 p.
888 1803 992 1854 165):
1022 1816 1107 1857 ‘per
1133 1804 1291 1857 quaesi
1319 1805 1503 1859 consequi

159 1875 363 1928 potuimus,
397 1881 449 1915 ⁴ut
475 1881 514 1915 et
540 1876 690 1916 sudoris
725 1877 892 1930 impetus
932 1867 1123 1915 minuatur
1151 1880 1196 1914 et
1218 1876 1320 1915 vita
1346 1889 1502 1930 proro-

158 1953 318 2003 getur,
340 1948 478 2003 incipit
495 1949 571 1988 iam
590 1954 743 2004 tempus
769 1949 895 2003 ipsum
915 1961 999 1989 esse
1016 1947 1229 2003 praesidio.'
1267 1948 1504 2004 Intelligetur

160 2033 209 2060 ex
236 2020 305 2061 hisr
321 2019 485 2061 Romani
513 2021 652 2062 medici
678 2021 923 2069 testimoniis,
960 2033 1075 2075 quam
1110 2020 1206 2062 bene
1232 2023 1399 2063 universi
1425 2022 1503 2065 loci

158 2095 347 2134 sententia
377 2107 398 2133 a
426 2093 597 2150 Cruquio
634 2093 822 2150 explicata
851 2095 915 2134 sit:
958 2100 998 2133 at
1020 2095 1119 2134 idem
1160 2109 1276 2135 unam
1301 2096 1405 2136 illam
1432 2110 1501 2137 vo·
1553 2125 1561 2132 -

159 2167 285 2206 culam
313 2165 426 2206 valde
452 2173 690 2221 suspectam,
718 2167 766 2206 de
794 2181 867 2222 qua
904 2168 1070 2207 maxime
1098 2154 1299 2207 dicendum
1328 2173 1426 2216 erat,
1452 2183 1501 2210 ne

159 2239 284 2293 attigit
310 2238 478 2293 quidem.
532 2238 602 2278 Est
635 2244 781 2278 tamen¹
804 2239 902 2279 illius
942 2239 1112 2293 vestigiis
1145 2239 1425 2281 insistendumz‘
1452 2241 1500 2281 ad

161 2311 441 2351 emendandum
471 2312 572 2352 enim
600 2325 754 2352 versum
782 2311 884 2351 nulla
912 2325 955 2351 re
983 2312 1133 2351 videtur
1162 2326 1258 2367 opus
1286 2306 1406 2360 esses
1429 2313 1499 2353 nisi

159 2389 208 2423 ut
230 2389 452 2432 statuamus,
477 2384 533 2432 id,
561 2384 664 2438 quod
693 2397 713 2422 a
743 2383 979 2439 Damasippo
1008 2385 1218 2439 cogitatum
1247 2390 1285 2425 et
1313 2384 1499 2441 exemplis

160 2456 325 2498 obscure
354 2457 605 2512 significatum
632 2461 701 2505 est,
730 2456 803 2496 dici
831 2458 943 2497 etiam
972 2457 1018 2497 ab
1043 2458 1129 2512 ipso
1149 2457 1336 2511 potuisse3
1364 2469 1498 2514 neque,

161 2531 312 2587 opinor,
353 2529 391 2570 in
420 2542 467 2570 eo
494 2529 663 2579 homine,
688 2530 756 2586 qui
783 2542 861 2571 non
895 2529 1040 2572 dubitet
1068 2529 1255 2588 (profiteri,
1276 2532 1499 2588 magistrum
