1669 2839
798 76 858 120 24

152 183 418 233 versabantur,
443 185 494 225 ita
523 197 741 240 expressos
758 198 845 225 esse
872 189 1037 233 constat,
1071 189 1114 224 ut
1140 189 1207 224 aut
1233 194 1360 240 neque
1388 183 1506 225 adde·

152 259 240 296 rent
265 255 475 311 quicquam
502 269 629 311 neque
655 254 874 304 demerent,
914 259 982 295 aut
1012 254 1107 296 talia
1145 255 1301 296 omnino
1328 255 1507 295 omittere

154 325 315 368 mallent
342 340 457 382 quam
483 332 654 367 mutare:
682 327 756 375 alii,
783 340 904 382 quum
930 326 1072 367 librum
1089 327 1233 368 habere
1259 325 1413 375 vellent,
1432 325 1507 381 >qui

155 403 198 438 et
214 397 290 453 legi
315 402 450 452 posset
468 402 507 438 et
525 398 698 455 intelligi,
724 398 854 447 literis,
881 411 979 453 quas
1004 412 1210 454 superesse
1237 397 1429 445 videbant,
1456 396 1508 437 ad

155 469 388 523 explendam
419 468 600 510 lacunam
627 484 698 525 pro
731 484 804 511 suo
838 471 1001 526 quisque
1027 471 1183 525 ingenio
1209 469 1274 509 vel
1299 469 1395 508 scite
1421 473 1509 507 ute«.-

154 538 302 580 bantur·
333 539 398 580 vel
436 539 693 581 abutebantur
717 528 906 596 imperite.
960 540 1087 582 Caute
1123 541 1229 590 fecit,
1269 545 1313 581 ut
1340 539 1389 580 de
1415 537 1507 578 solis

155 609 376 652 Horatianis
403 610 509 651 libris
537 612 682 658 dicam,
715 612 788 668 ’qui
815 610 886 650 sub
920 614 1011 652 noni
1045 613 1166 652 seculi
1197 612 1347 651 initium
1374 608 1506 649 Orellii

154 680 329 722 codicem
351 680 592 724 Bernensem
619 682 926 738 antiquissimum
944 683 1106 738 scripsit,
1132 682 1238 739 quod
1265 686 1335 722 sat.
1357 679 1385 721 l.
1396 681 1433 721 2.
1454 679 1507 720 39

154 754 194 793 in
230 752 305 793 fine
344 768 482 794 versus
508 754 661 808 ⁸dolore
703 753 899 808 voluptas'
938 754 1161 810 simpliciter
1200 754 1345 800 omisit,
1386 765 1506 806 quum

88 860 92 867 .
154 830 350 880 appareat,
389 824 499 866 illum
526 824 659 882 legere
684 838 762 866 non
797 826 983 880 potuisse,
1020 840 1120 882 quae
1147 827 1185 867 in
1212 824 1422 880 archetypo
1449 823 1507 864 in-

152 902 314 936 venerat
340 895 679 947 (Kirchner.Nov.
699 911 735 951 q.
765 896 859 936 Hor.
886 911 923 951 p.
942 900 995 946 9).
1038 897 1240 951 Imperitae
1268 907 1362 934 vero
1389 895 1507 933 inter-

153 965 357 1022 polationis
384 968 548 1024 vestigia
575 980 624 1008 ne
651 967 690 1008 in
716 967 828 1008 bonis
868 968 1025 1024 quidem
1064 965 1170 1009 libris
1202 965 1318 1022 plane
1349 965 1506 1007 desunt:

152 1051 243 1079 nam
270 1043 312 1078 ut
338 1039 431 1080 nihil
459 1040 587 1080 dicam
605 1040 654 1079 de
673 1039 869 1080 celebrato
896 1039 963 1079 illo
992 1039 1148 1093 ‘rabiosi
1177 1043 1352 1093 tempora
1380 1036 1507 1091 signi‘,

152 1108 203 1150 de
230 1122 309 1164 quo
336 1115 449 1150 antea
484 1111 665 1165 exposui,
705 1112 836 1151 nescio
864 1122 914 1150 an
940 1109 1056 1150 nihilo
1093 1110 1322 1149 clementius
1348 1108 1507 1148 iudicari

153 1179 296 1220 debeat
312 1180 454 1222 ‹le-hac
480 1181 660 1229 lectione,
688 1196 806 1236 quam
825 1196 847 1222 e
865 1181 1115 1221 Dessaviensi
1143 1180 1239 1221 libro
1258 1194 1335 1220 sec.
1355 1178 1396 1220 X
1413 1180 1507 1219 satis

152 1257 334 1292 accurate
361 1253 505 1308 scripto
520 1251 758 1292 Kirchnerus
778 1252 816 1304 (l.
832 1252 856 1292 Ι.
877 1267 913 1308 p.
937 1253 999 1305 13)
1021 1267 1145 1308 nuper
1164 1252 1368 1307 excerpsit,
1386 1265 1505 1292 carm⁴

148 1320 175 1361 Ι.
199 1323 258 1362 12.
270 1323 318 1362 21
349 1324 523 1378 ⁸proeliis
539 1324 668 1364 audax
694 1337 821 1378 neque
849 1329 887 1364 te
916 1324 1154 1364 transibo!
1189 1323 1273 1363 Alia
1299 1323 1338 1362 in
1367 1322 1507 1362 eodem

149 1390 248 1433 libro
276 1393 398 1435 multo
427 1394 642 1450 elegantius
661 1394 816 1449 expleta
844 1399 944 1442 sunt,
972 1393 1080 1435 velut
1098 1400 1169 1435 sat.
1189 1393 1215 1435 l.
1243 1396 1275 1435 1.
1300 1394 1370 1434 121
1401 1407 1507 1447 ‘ver-

150 1462 245 1504 bum
271 1478 349 1505 non
377 1466 543 1520 amplius
583 1466 748 1505 ullum'
777 1471 816 1504 et
842 1467 878 1504 2.
892 1467 961 1507 ’24
982 1467 1037 1519 ‘in
1064 1468 1255 1507 contraria
1283 1465 1504 1505 tendunt?

152 1533 215 1574 Ex
242 1536 382 1577 eodem
415 1536 492 1577 hoc
531 1550 677 1591 genere
703 1536 797 1577 illud
834 1541 910 1584 est,
951 1536 1054 1591 quod
1087 1538 1158 1592 ipsi
1186 1538 1301 1576 etiam
1327 1536 1506 1577 Bentleio

151 1607 327 1647 fraudem
356 1608 469 1647 fecit:
503 1621 594 1647 nam
622 1620 743 1660 quum
770 1608 808 1646 in
835 1621 987 1646 summo
1016 1609 1268 1661 optimorum,
1297 1621 1396 1661 quos
1423 1609 1508 1662 qui-

151 1677 240 1717 dem
259 1678 451 1726 novimus,
478 1676 665 1717 librorum
691 1691 885 1718 consensu
913 1677 1077 1718 dubitari
1095 1692 1223 1734 neque
1240 1679 1362 1734 possit
1380 1692 1506 1734 neque

150 1750 308 1807 debeat,
336 1750 428 1803 quin
456 1747 519 1789 hic
546 1763 684 1789 versus
712 1755 782 1789 sat.
811 1749 852 1789 ll.
880 1750 917 1790 8.
941 1751 992 1789 29
1021 1751 1233 1790 rectissime
1259 1751 1312 1790 ita
1340 1750 1506 1804 scriptus

147 1821 283 1861 edatur
310 1827 370 1876 ⁸ut
388 1820 450 1860 vel
471 1822 653 1861 continuo
682 1821 804 1877 patuit
833 1835 953 1877 quum
981 1806 1148 1877 passeris
1174 1821 1344 1876 atque',
1370 1820 1507 1862 maluit

147 1893 212 1932 ille
240 1899 368 1934 tamen
404 1894 635 1948 quibusdam
662 1893 837 1933 Lambini
873 1894 1073 1933 codicibus
1113 1893 1398 1947 obtemperare,
1440 1894 1506 1947 qui

152 1968 327 2004 extrema
369 1964 561 2006 vocabula
601 1966 657 2005 sic
692 1963 928 2005 exhibebant
956 1965 1140 2020 ‘passeris
1167 1965 1261 2005 assi
1294 1963 1354 2005 et.'
1393 1963 1506 2004 Falsa

147 2050 193 2076 ea
214 2038 435 2077 coniectura
455 2043 525 2085 est,
545 2042 584 2076 at
602 2038 802 2092 ingeniose
817 2038 1059 2092 excogitata:
1078 2050 1205 2091 neque
1223 2042 1351 2077 tamen
1371 2050 1507 2091 quem-

146 2122 264 2162 quam
284 2108 333 2147 de
353 2109 541 2149 eiusmodi
569 2108 782 2148 mutatione
800 2109 1062 2164 cogitaturum
1089 2109 1207 2148 fuisse
1232 2107 1408 2155 arbitror,
1435 2108 1507 2147 nisi

147 2193 216 2219 suo
236 2181 274 2219 in
293 2179 392 2219 libro
419 2179 598 2221 lacunam
624 2181 835 2220 invenisset
862 2185 1060 2235 utcunque
1088 2180 1335 2235 explendam.
1355 2178 1506 2220 —Unum

145 2251 366 2305 exemplum
409 2251 531 2300 addo,
572 2265 650 2306 quo
686 2252 972 2293 demonstratur
1010 2253 1087 2292 iam
1114 2251 1322 2292 Bernensis
1363 2250 1507 2291 codicis

146 2322 373 2375 scriptorem
403 2322 636 2376 interpolato
665 2323 762 2363 libro
792 2338 905 2364 usum
934 2338 1040 2363 esse:
1076 2324 1203 2378 ipsum
1230 2322 1332 2364 enim
1360 2323 1506 2362 cautio-

143 2407 226 2433 rem
258 2392 374 2432 fuisse
402 2394 580 2434 vidimus.
635 2394 671 2435 Is
698 2396 814 2450 igitur
844 2410 876 2435 a.
906 2411 942 2450 p.
972 2396 1061 2443 277,
1097 2395 1160 2435 ubi
1189 2401 1294 2437 recte
1321 2408 1424 2435 nunc
1451 2392 1506 2434 le-

143 2466 246 2519 gitur
275 2479 394 2519 ⁸quae
424 2473 606 2507 canerent
634 2473 871 2522 agerentque
899 2469 1075 2523 peruncti
1104 2467 1275 2509 faecibus
1300 2470 1382 2507 ora'
1409 2466 1505 2507 haec
