1669 2839
819 62 888 112 '10

180 177 266 228 ipsa
290 187 408 214 scena
434 180 541 221 actas
569 179 757 227 spectare,
786 172 825 217 id
843 177 969 213 totum
986 172 1087 216 illius
1101 172 1323 213 adsiduitati
1346 177 1531 227 rectoque

210 116 228 128 s
241 101 315 131 -ὓ-,ἈἾ

181 246 322 293 iudicio
364 245 562 286 debemus.
623 243 797 283 Similem
832 245 864 283 si
898 245 983 298 quis
1024 243 1186 297 olimiin
1217 242 1368 284 Horatii
1408 246 1532 286 satiris

183 330 344 371 operam
384 316 631 362 collocasset,
674 329 838 367 quarum
878 316 1434 368 p1·aee‘quum2nrnamentum
1462 321 1531 363 est,

183 388 288 442 quod
314 401 435 441 prope
464 386 603 426 absunt
621 386 668 425 ab
688 387 834 439 optimo
856 373 1078 446 comoediae·
1104 400 1257 441 genere,
1285 390 1382 441 opus
1400 401 1532 432 susce-

184 461 303 512 pisset
332 464 370 497 et
395 458 509 497 valde
537 458 629 497 utile
654 463 692 495 et
720 457 833 496 valde
861 456 1025 496 difficile.
1068 456 1179 506 Quae
1206 456 1312 498 enin-
1336 458 1382 497 de
1409 458 1532 511 prima

180 529 349 569 Andriae
377 529 632 569 Terentianae
671 542 786 568 scena
821 529 972 582 scripsit
998 526 1193 568 Donatus:
1235 529 1290 582 ‘in
1315 528 1390 569 hac
1417 542 1533 573 scena

179 600 281 652 ,haec
322 603 443 640 virtus
481 607 555 648 est,
597 606 639 640 ut
680 602 896 656 argumenti
936 600 1101 639 narratio
1142 601 1242 640 actio
1283 601 1438 640 scenica
1476 601 1534 640 vi-

178 672 336 723 deatur,
374 678 416 711 ut
444 673 525 713 sine
553 673 703 712 fastidio
731 672 870 726 longus
898 685 1025 710 sermo
1054 671 1132 718 sit’,
1167 683 1229 718 ea,
1269 685 1318 710 ne
1340 684 1423 715 uno
1450 672 1534 724 qui-

184 742 275 793 dem
302 743 421 782 verbo
449 749 610 790 mutato,
638 744 684 782 ad
712 756 895 797 magnam
923 743 1124 781 satirarum
1152 747 1300 795 partem
1326 742 1532 790 transferre

183 812 290 853 licet:
324 828 450 868 neque
477 820 583 854 recte
612 815 845 867 disputatum
874 815 997 860 fuerit,
1039 815 1069 851 si
1098 814 1184 866 quis
1210 813 1338 858 dicere
1365 812 1470 859 velit,
1495 813 1534 851 in

183 884 324 931 satiris,
352 898 451 938 quae
480 890 522 924 ut
547 885 767 939 legerentur
801 885 967 938 scriptae
994 885 1068 923 sint
1096 884 1143 922 ab
1170 882 1352 934 Horatio,
1388 898 1466 924 non
1492 890 1535 923 ut

182 960 408 1008 agerentur,
435 956 583 996 nullum
612 962 766 1009 gestum
800 956 1084 1005 admittendum
1108 969 1212 1002 esse,
1254 956 1325 995 nisi
1352 956 1416 1009 qui
1442 956 1535 1009 ipsis

183 1031 321 1079 poetae
348 1026 477 1066 verbis
496 1028 547 1066 ita
569 1027 797 1081 postuletur,
826 1033 869 1066 ut
889 1026 1068 1066 facillime
1090 1032 1323 1081 agnoscatur
1343 1026 1390 1065 ab
1413 1028 1534 1066 omni-

185 1097 266 1136 bus.
324 1097 393 1137 Est
422 1100 523 1137 enim
550 1100 588 1137 in
616 1099 689 1138 hac
721 1114 762 1138 re
788 1099 880 1138 illud
910 1099 1136 1145 tenendum,
1174 1097 1310 1145 Italos,
1337 1103 1379 1136 ut
1409 1097 1534 1137 adhuc

182 1174 365 1223 gestuum
392 1170 545 1224 prodigi
573 1176 679 1218 sunt,
720 1172 771 1209 ita
801 1171 916 1209 etiam
943 1170 1106 1222 antiquis
1134 1169 1391 1223 temporibus,
1432 1169 1535 1223 quod

183 1253 261 1280 non
279 1242 413 1294 paucis
435 1242 623 1297 exemplis
645 1243 897 1281 demonstrari
914 1246 1053 1295 potest,
1077 1246 1172 1281 nutu
1192 1255 1237 1281 ac
1260 1241 1384 1294 digitis
1399 1240 1534 1294 loqua-

184 1312 504 1362 cissimos-fuisse,
531 1314 730 1367 multaque
756 1315 871 1352 etiam
889 1314 927 1351 in
949 1313 1145 1351 recitando
1175 1326 1290 1351 ausos
1311 1325 1407 1359 esse,
1435 1325 1534 1365 quae

182 1382 313 1431 nobis,
340 1398 504 1439 quorum
532 1385 595 1425 vel
622 1386 694 1438 ipsi
722 1384 863 1431 vultus,
893 1398 1012 1437 quum
1034 1384 1174 1437 aliquid
1209 1384 1425 1432 recitamus,
1454 1384 1534 1437 ple-

184 1468 348 1509 rumque
378 1458 473 1495 muti
501 1462 617 1510 atque
644 1457 792 1495 immoti
830 1461 1005 1508 manent,
1046 1456 1162 1493 nimia
1189 1468 1234 1493 ac
1262 1468 1385 1508 paene
1412 1456 1535 1494 incre-

186 1526 315 1582 dibilia
342 1528 532 1568 videntur.
580 1527 666 1568 Tali
693 1528 808 1582 igitur
836 1528 946 1575 duce,
975 1526 1098 1580 qualis
1116 1525 1295 1568 Donatus
1324 1533 1391 1575 est,
1419 1542 1535 1583 aegre

184 1598 315 1638 multis
342 1592 504 1639 in'locis
546 1613 739 1639 caremus:
782 1613 907 1652 neque
949 1604 1078 1637 tamen
1115 1598 1347 1647 mirabimur,
1388 1600 1535 1640 nullum

186 1671 388 1709 exstitisse.
435 1671 612 1710 Donatus
635 1672 736 1710 enim
763 1675 916 1724 praeter
944 1671 1066 1723 ipsam
1094 1670 1321 1710 histrionum
1348 1677 1470 1711 artem
1490 1687 1535 1711 ac

185 1741 435 1794 disciplinam,
459 1743 536 1779 iam
555 1742 642 1779 inde
672 1756 693 1778 a
722 1741 892 1779 Terentii
913 1746 1038 1779 aetate
1066 1743 1175 1795 quasi
1201 1755 1270 1796 per
1297 1755 1433 1781 manus
1460 1748 1535 1782 tra-

183 1811 317 1859 ditam,
358 1813 511 1852 notulas
549 1814 664 1853 etiam
700 1812 882 1867 quasdam
911 1814 1019 1867 sequi
1047 1819 1212 1866 poterat,
1255 1816 1412 1867 quasin
1440 1817 1536 1855 anti-

166 1885 376 1936 ·quissimis
407 1886 604 1924 codicibus
634 1885 821 1924 eiusmodi
842 1885 889 1923 de
917 1884 1032 1923 rebus
1060 1885 1273 1939 adscriptas
1302 1886 1418 1925 fuisse
1446 1900 1535 1941 pro-

184 1955 360 1996 babiliter
389 1958 667 1998 demonstravit
694 1956 737 1997 L.
767 1956 996 2013 Schopenus
1024 1958 1061 1999 in
1091 1957 1356 1998 dissertatione
1384 1958 1432 1998 de
1460 1957 1535 1998 Te-

184 2029 307 2067 rentio
328 2034 366 2067 et
384 2029 540 2068 Donato
568 2044 604 2084 p.
624 2031 685 2078 47.
715 2029 864 2068 Horatii
891 2031 1028 2068 satirae
1057 2043 1132 2083 quo
1160 2030 1379 2069 recitandae
1406 2036 1535 2069 essent

183 2100 315 2148 modo,
348 2115 370 2140 a
391 2102 544 2141 nemine
573 2102 753 2141 traditum
781 2102 909 2150 fuisse,
930 2107 968 2141 et
983 2116 1033 2141 ex
1060 2103 1225 2156 antiquis
1256 2108 1535 2142 commentato-

184 2172 289 2212 ribus
310 2174 568 2227 cognoscitur,
597 2188 695 2228 quos
723 2179 891 2228 apparet,
920 2175 950 2213 si
967 2174 1120 2229 quando
1149 2174 1225 2213 tale
1244 2174 1335 2229 quid
1366 2179 1534 2221 monent,

186 2259 271 2285 eam
290 2246 327 2285 in
354 2260 448 2293 rem,
478 2248 654 2299 quamvis
681 2247 873 2287 interdum
900 2253 1004 2287 recte
1033 2247 1238 2300 disputent,
1264 2246 1356 2286 nihil
1382 2251 1534 2299 praeter

184 2317 269 2369 ipsa
296 2323 434 2370 poetae
463 2317 581 2357 verba
609 2318 846 2366 adhibuisse,
875 2325 914 2362 et
940 2333 1009 2372 per
1036 2332 1078 2357 se
1102 2319 1227 2372 ipsum
1256 2316 1436 2357 credibile
1465 2323 1532 2365 est,

186 2402 306 2442 quum
336 2388 525 2429 bonorum
553 2390 812 2438 recitatorum,
842 2389 996 2444 qualem
1024 2388 1237 2443 Vergilium
1265 2389 1382 2428 fuisse
1423 2402 1534 2429 acce-

181 2461 324 2514 pimus,
358 2461 437 2500 fere
466 2462 616 2502 tenuior
644 2463 693 2501 sit
719 2468 941 2516 proventus,
962 2475 1075 2516 quam
1093 2461 1318 2501 histrionum
1334 2458 1534 2520 bonorum,
