1669 2839
782 101 844 148 55

140 222 279 257 unum
305 212 441 254 docuit
465 212 529 254 vel
557 212 708 256 solum
737 213 809 253 dici
839 213 900 254 vel
929 214 1255 270 praecipuumz
1286 228 1413 271 neque
1441 229 1488 257 eo

139 290 288 326 tantum
321 284 427 332 loco,
468 285 577 324 cuius
606 285 803 324 Bentleius
841 288 1076 326 mentionem
1115 285 1217 325 fecit*
1238 287 1304 336 (ad
1330 288 1425 326 Aen.
1444 287 1486 327 11.

135 358 248 407 426);
285 349 446 397 eandem
482 356 585 396 enim
622 357 903 402 distinctionem
941 359 1113 414 sequitur
1141 358 1188 398 ad
1217 358 1315 398 Aen.
1334 356 1382 397 V.
1411 359 1487 399 704

136 431 176 469 et
194 427 259 469 VI„
278 429 363 469 106.
404 426 553 467 Verum
581 428 630 468 de
655 428 740 482 ipso
767 427 843 468 hoc
870 442 991 478 more,
1018 434 1083 484 qui
1111 432 1149 470 in
1175 430 1313 475 lexicis
1334 430 1488 483 potissi-

135 513 242 540 mum
270 504 425 554 regnat,
462 499 652 539 vocabula
679 509 749 552 per
776 500 901 539 varias
928 514 974 541 ac
1002 500 1116 554 plane
1143 501 1313 557 diversas
1341 500 1487 557 signifi-

135 571 307 612 ontione-
332 570 385 609 ita
405 570 648 625 discerpendi
667 575 704 608 et
724 569 970 619 distrahendi,
1000 576 1043 609 ut
1062 572 1144 619 tria,
1171 577 1354 626 quatuor,
1374 571 1483 625 plura

129 644 253 684 etiam
288 641 478 683 vocabula
511 644 551 684 in
587 643 699 683 unius
739 641 870 682 locum
909 641 1209 692 substituantur,
1249 655 1484 699 quamznon

135 714 348 754 elementer
387 715 436 753 sit
474 713 740 761 iudicandum,
781 712 896 752 hodie
936 724 1053 754 nemo
1091 715 1202 754 facile
1237 716 1484 769 ignoraverit,

135 799 255 842 quum
289 785 435 827 dudum
462 785 701 827 intellectum
728 785 777 825 sit
803 799 824 825 a
852 787 1188 840 praestantissimis
1215 787 1320 836 viris,
1347 800 1395 828 ea
1421 786 1483 827 via

135 858 182 897 ad
196 869 329 897 veram
349 856 628 897 vocabulorum
645 859 725 896 vim
744 862 859 911 atque
878 862 1054 897 naturam
1072 864 1201 898 mente
1220 859 1483 912 complecten-

133 929 221 971 dam
248 934 316 970 aut
340 942 428 969 raro
454 930 647 984 perveniri
673 935 740 970 aut
759 942 968 983 nunquam,
992 929 1220 971 observandi
1239 935 1370 970 autem
1388 930 1483 970 assi-
1516 922 1529 938 ‘

134 1001 320 1041 duitatem
359 1006 398 1040 et
437 1002 724 1041 accurationem
765 1013 954 1055 persaepe
998 1002 1185 1041 eiusmodi
1230 1002 1484 1041 mediocrium

131 1073 326 1114 interdum
353 1073 524 1114 iudicum
551 1073 794 1127 praeiudiciis
817 1073 1004 1127 impediri.
1059 1070 1164 1113 Idem
1201 1073 1249 1113 de
1277 1086 1323 1113 ea
1350 1072 1484 1126 difin-

134 1146 262 1186 ctione
277 1146 450 1193 dixerim,
469 1145 518 1185 de
532 1158 608 1199 qua
623 1145 874 1199 disputamus,
888 1145 1065 1199 quamvis
1080 1158 1264 1200 magnum
1278 1130 1482 1199 patronum

135 1218 183 1257 sit
210 1223 334 1257 nacta.
388 1216 600 1257 Multorum
634 1217 736 1257 enim
762 1215 1030 1270 exemplorum
1060 1218 1348 1271 comparatione
1374 1218 1484 1257 insti-

137 1294 229 1338 tuta,
256 1289 332 1329 hoc
361 1287 452 1328 mihi
477 1289 663 1343 persuasi,
690 1289 728 1328 in
755 1287 931 1328 omnibus
949 1286 1022 1327 illis
1040 1287 1148 1336 locis,
1176 1288 1314 1342 quibus
1344 1303 1483 1329 unum

134 1361 173 1400 id
200 1361 345 1401 dictum
374 1374 460 1402 esse
488 1361 612 1408 aiunt,
648 1359 750 1414 quod
786 1360 1097 1414 praecipuum
1133 1362 1200 1409 sit,
1235 1375 1314 1401 non
1349 1374 1435 1400 esse
1461 1375 1484 1400 a

134 1431 285 1487 vulgari
324 1432 602 1473 consuetudine
644 1431 941 1478 discedendum,
989 1437 1106 1486 atque
1154 1432 1298 1486 ubique
1348 1445 1485 1471 unum

134 1505 209 1545 dici
236 1518 344 1553 eum,
379 1506 444 1560 qui
478 1504 585 1545 solus
619 1502 682 1543 vel
715 1502 889 1558 pluribus
917 1503 981 1543 vel
1007 1503 1089 1543 aliis
1116 1503 1179 1543 vel
1207 1504 1385 1545 omnibus
1413 1518 1483 1559 op-

133 1581 310 1631 ponatur.

238 1650 369 1704 Atque
403 1648 498 1689 illud
533 1649 687 1703 quidem
721 1649 834 1689 facile
868 1648 1120 1704 intelligetur,
1157 1663 1179 1688 a
1215 1649 1484 1690 defensoribus

135 1722 218 1763 eius
244 1723 476 1770 sententiae,
509 1722 548 1762 in
581 1734 657 1776 qua
692 1720 899 1761 refellenda
926 1717 1144 1770 versamur,
1181 1722 1323 1762 frustra
1356 1722 1486 1762 afferri

135 1808 181 1835 ea
199 1793 399 1849 exempla,
427 1792 567 1848 quibus
586 1793 870 1834 demonstratur
888 1793 1121 1834 adiectivum
1151 1808 1269 1834 unus
1296 1807 1485 1849 persaepe

133 1880 157 1906 a
188 1865 385 1906 veteribus
422 1878 511 1905 cum
546 1865 781 1919 superlativo
821 1866 1068 1905 coniunctum
1107 1879 1202 1905 esse.
1256 1865 1345 1904 Hoc
1381 1866 1483 1904 enim

134 1937 319 1992 loquendi
337 1950 421 1985 usu,
449 1937 659 1977 dummodo
686 1942 792 1977 recte
819 1936 1062 1991 intelligatur,
1090 1936 1182 1976 nihil
1209 1935 1384 1984 officitur,
1412 1936 1485 1976 nisi

135 2014 180 2048 ut
204 2009 433 2055 sentiamus,
466 2021 583 2061 quem
615 2008 722 2045 inviti
749 2007 910 2048 articulo
939 2009 1129 2048 caruerint
1154 2008 1294 2049 Latini.
1346 2007 1486 2048 Graeci

135 2080 236 2121 enim
259 2093 379 2135 quum
404 2078 520 2119 elium
548 2074 715 2133 ἄριστον
741 2079 924 2129 dicerent,
953 2080 1070 2122 alium
1097 2081 1169 2123 τὸν
1197 2077 1381 2135 ἷίριστονε
1408 2079 1485 2120 La-

134 2153 202 2193 tini
244 2153 373 2194 facere
412 2166 491 2193 non
530 2158 726 2208 poterant,
766 2154 858 2208 quin
898 2160 1105 2210 utrumque
1147 2169 1222 2195 uno
1266 2160 1304 2194 et
1346 2154 1485 2193 eodem

135 2224 326 2267 vocabulo
355 2226 582 2280 optimum
608 2225 856 2280 appellarent.
911 2226 990 2267 Iam
1017 2227 1049 2267 si
1077 2228 1229 2281 quando
1259 2226 1485 2282 ambiguum

136 2304 258 2347 esset,
291 2312 385 2338 num
418 2298 571 2354 plenam
606 2311 652 2337 ac
685 2300 882 2353 propriam
917 2300 995 2338 vim
1030 2298 1187 2338 haberet
1215 2298 1485 2354 superlativus,

134 2386 183 2413 an
210 2372 413 2427 aliqiianto.
433 2371 619 2412 leniorem
648 2376 688 2411 et
714 2373 829 2411 certis
854 2371 992 2413 finibus
1015 2372 1363 2427 circumscriptam:
1391 2371 1484 2412 illud

135 2459 256 2500 quum
275 2443 470 2492 volebant,
490 2442 641 2483 duobus
664 2443 907 2497 potissimum
928 2443 1077 2483 auxiliis
1104 2443 1322 2492 utebantur,
1348 2448 1389 2482 ut
1414 2442 1484 2484 τὸν

137 2513 305 2572 ἔρεπον
333 2522 401 2558 aut
427 2517 630 2558 omnium
657 2517 884 2572 optimum
909 2517 1083 2556 dicerent
1109 2521 1177 2556 aut
1203 2530 1340 2557 unum
1366 2516 1487 2570 opti-
