1669 2839
115 231 366 293 confirmaturi
391 231 686 295 “Quintilianus
708 237 810 284 enim
843 243 891 283 de
916 231 1158 298 homonymis
1196 244 1292 286 haec
1331 229 1450 289 tradit

114 305 296 362 vn.‘9'.'2}
327 312 489 373 ‘singula
509 317 669 356 afferunt
693 327 872 364 errorem,
900 328 1018 369 quum
1044 314 1215 371 pluribus
1242 316 1358 358 rebus
1379 324 1444 359 aut

112 378 327 435 hominibus
348 383 484 429 eadem
503 389 705 445 appellatio
732 379 790 429 'est
816 375 1047 440 (buwvvm'a
1075 389 1244 442 dicitur);
1272 396 1314 431 ut
1342 390 1445 432 Gal-

110 467 209 507 lus2'
226 468 355 505 utrum
378 462 482 502 enim
506 475 627 510 avem,
655 468 703 502 an
732 467 896 517 gentem,
924 474 970 501 an
998 451 1149 511 nomen,
1178 476 1225 503 an
1253 464 1443 506 fortunam

112 522 282 593 eorporis
322 530 543 590 signifi-cet,'
565 537 766 576 incertumv
788 540 865 583 est;
902 539 940 574 et
973 536 1110 574 Aiax:
1148 535 1368 578 Telamonis
1395 552 1444 579 an

113 597 208 652 Oilei
243 607 350 648 filius.
378 607 496 648 verba
524 621 676 664 quoque
708 606 897 662 quaedam
933 605 1103 647 diversos
1134 607 1443 650 intellectus'ha-

111 682 229 741 bent,x
257 686 301 721 ut
334 663 472 721 eei-no?
527 678 672 720 Similia
709 679 824 719 habet
857 678 950 724 VIII.
978 680 1014 718 2.
1045 680 1109 719 13:
1155 681 1268 733 ‘sicut
1302 684 1340 722 in
1372 682 1442 732 his,

112 751 208 812 quae
240 750 473 807 homonyma
496 757 703 801 -voeantur3
743 757 786 792 ut
813 756 976 792 taurus
1003 751 1141 791 animal
1170 753 1217 792 sit
1244 766 1292 793 an
1320 763 1442 804 mons,

110 839 156 869 an
176 828 327 883 signum
345 827 383 866 in
410 824 530 873 coelo,
559 839 606 865 an
625 838 765 865 nomen
792 824 964 873 hominis,
993 837 1040 866 an
1058 826 1167 866 radix
1185 826 1342 876 arboris,
1368 829 1439 869 nisi

111 890 329 943 distinctum
355 911 431 939 non
460 897 703 954 intelligitur?
757 898 858 939 Cum
885 898 1115 951 Quintiliano
1142 899 1188 939 de
1224 912 1297 940 usu
1327 914 1443 942 voca—

109 974 186 1015 buli
214 962 325 1029 plane
362 973 550 1012 consentit
578 970 808 1028 Priscianus,
850 973 913 1026 qui
939 973 977 1013 in
1004 972 1171 1012 seeundo
1195 972 1305 1031 libro,
1347 974 1444 1027 haec

108 1047 256 1101 scripsit
282 1059 364 1101 cap.
393 1034 428 1084 5.
457 1059 493 1099 p.
523 1044 573 1083 73·
599 1045 682 1084 ΚΜ
728 1044 977 1097 ιΙιοι’·ιι()ῐι)(ιῑιει
1004 1058 1157 1099 quoque
1185 1050 1262 1095 tam
1290 1046 1326 1086 in
1353 1061 1443 1102 pro-

108 1119 199 1173 priis
240 1131 354 1172 quam
381 1118 418 1157 in
454 1116 692 1174 appellativis
734 1118 1005 1169 inveniuntur„
1036 1122 1077 1156 ut
1104 1116 1308 1171 Pyrrhus
1343 1119 1440 1161 filius

110 1189 265 1230 Achillis
294 1195 331 1229 et
357 1187 565 1244 Pyrrhus
603 1203 672 1229 rex
699 1186 959 1243 Epirotarum,
999 1203 1145 1243 nepos
1184 1190 1280 1230 filius
1313 1191 1376 1231 filii
1403 1198 1441 1233 et

109 1276 253 1319 nepos
280 1262 510 1301 luxuriosus
538 1263 782 1301 inveniuntur
820 1267 945 1301 tamen
986 1262 1172 1315 quaedam
1200 1246 1440 1318 'homonyma

109 1334 241 1374 eadem
271 1337 308 1373 et
334 1334 485 1388 propria
520 1338 557 1372 et
585 1328 830 1388 appellativa,
870 1337 912 1371 ut
939 1331 1130 1387 Magnus
1162 1334 1368 1389 Pompeius
1402 1342 1441 1376 et

109 1416 304 1462 magnus
332 1406 448 1446 civis?
494 1404 666 1445 Tertium
694 1406 792 1446 addo
820 1405 1017 1453 Isidorum,
1045 1407 1110 1459 qui
1137 1407 1298 1447 eandem
1326 1410 1442 1448 ratio-

107 1491 196 1518 nem
224 1483 377 1518 secutus
397 1482 471 1537 est,
511 1489 628 1531 quum
656 1479 806 1532 scripsit
832 1478 924 1532 orig.
944 1476 969 1516 Ι.
989 1479 1030 1516 6:
1070 1477 1338 1532 ‘homonyma
1366 1481 1441 1521 hoc

110 1557 167 1590 est
194 1552 423 1598 uninomina,
443 1561 489 1589 eo
507 1550 609 1604 quod
636 1551 683 1589 sit
701 1552 739 1590 in
758 1563 834 1590 uno
856 1551 1009 1590 nomine
1029 1550 1250 1605 significatio
1265 1552 1439 1606 plurima.

109 1629 150 1662 ut
177 1622 383 1663 tumulus
410 1636 512 1662 nunc
530 1635 639 1661 mons
660 1622 785 1662 brevis
805 1627 872 1670 est,
900 1635 1001 1662 nunc
1021 1628 1169 1663 tumens
1188 1622 1311 1672 tellus,
1338 1638 1439 1667 nunc

110 1695 344 1748 sepulcrum:
393 1701 450 1734 est
489 1697 589 1734 enim
629 1697 666 1734 in
709 1710 783 1735 uno
811 1696 964 1734 nomine
1004 1695 1227 1748 significatio
1269 1697 1440 1739 diversa?

110 1766 335 1807 Doctrinam
376 1770 479 1805 tanta
515 1768 724 1807 constantia
758 1781 827 1822 per
854 1765 998 1820 aliquot
1025 1765 1154 1805 secula
1181 1771 1367 1808 retentam
1395 1783 1440 1810 ac

109 1845 358 1894 propagatam
384 1840 450 1878 vix
477 1839 567 1878 mihi
594 1838 847 1892 persuaserim
875 1838 974 1886 olim,
1002 1853 1119 1892 quum
1141 1840 1188 1878 ab
1206 1840 1288 1893 ipso
1307 1842 1440 1883 inven-

108 1917 191 1953 tore
218 1916 510 1968 proponeretur,
538 1910 649 1967 plane
676 1910 787 1951 aliam
815 1912 941 1951 fuisse.
995 1909 1120 1951 Possit
1150 1916 1277 1952 tamen
1305 1912 1438 1971 aliquis

107 1986 155 2025 ad
169 1984 380 2024 Varronem
407 1997 630 2037 provocare,
652 1986 715 2038 qui
734 1985 839 2023 initio
865 1985 992 2022 octavi
1019 1984 1103 2022 libri
1131 1984 1178 2022 de
1204 1984 1334 2039 lingua
1362 1986 1436 2026 La-

108 2058 196 2105 tina,
210 2056 481 2110 Chrysippum,
497 2072 616 2110 quum
635 2057 680 2097 de
698 2056 966 2112 inaequalitate
985 2055 1178 2105 scriberet,
1198 2060 1436 2113 propositum

106 2127 282 2166 habuisse
310 2127 400 2165 dicit
427 2129 661 2179 ‘ostenden-e,
703 2129 843 2167 similes
879 2142 938 2167 res
978 2128 1218 2167 dissimilibus
1245 2132 1370 2170 verbis
1398 2135 1437 2172 et

108 2190 290 2241 similibus
318 2198 515 2239 dissimiles
539 2213 624 2241 esse
642 2188 814 2258 notatas?
854 2200 952 2241 Hinc
970 2202 1000 2240 si
1020 2202 1101 2256 quis
1121 2200 1283 2257 colligat,
1312 2202 1436 2259 Chry-

108 2274 257 2326 sippum
284 2272 444 2309 fortasse
463 2283 508 2310 ea
526 2285 681 2325 quoque
698 2273 884 2312 voeabula
902 2273 1131 2325 homonyma
1159 2273 1308 2320 dixisse,
1337 2288 1438 2328 quae

107 2345 144 2384 iri
161 2348 299 2401 magna·
313 2342 592 2399 significationis
607 2345 824 2385 diversitate
842 2346 920 2397 ipsa
935 2346 1054 2385 forma
1068 2357 1143 2384 non
1158 2342 1269 2399 plane
1289 2347 1438 2399 eadem,-

108 2422 146 2454 at
163 2410 351 2457 simillima
376 2421 518 2456 essent:
546 2427 622 2455 non
648 2415 797 2455 audebo
825 2418 861 2456 id
888 2417 1096 2471 praefracte
1123 2431 1275 2471 negare,
1302 2434 1436 2475 quam-

108 2499 221 2541 quam
241 2489 287 2529 de
307 2499 353 2531 eo
372 2489 460 2531 Ioco
485 2488 625 2529 rectius
645 2488 794 2528 videtur
819 2488 975 2530 iudicari
1002 2501 1128 2542 posse.
1174 2489 1226 2530 At
1253 2493 1335 2547 quis
1364 2499 1433 2543 est,

109 2561 198 2613 quin
220 2562 356 2611 videat,
374 2575 423 2603 ne
438 2564 491 2603 sic
510 2561 662 2617 quidem
685 2567 963 2600 commotam
991 2567 1188 2601 mentem
1210 2570 1248 2603 et
1277 2566 1434 2606 scelus

1140 2634 1195 2673 7*
