1669 2839
128 784 264 861 Quod
292 815 383 841 vere
411 815 456 842 ac
483 803 650 856 graviter
677 804 909 858 praecipitur
927 817 947 844 a
969 804 1018 844 M.
1039 805 1165 846 Tullio
1194 805 1384 855 offic.1.2‚

44 884 198 915 omnem
225 874 274 913 de
301 874 426 928 aliqua
453 889 495 914 re
521 875 816 923 institutionem,
844 890 943 929 quae
971 891 991 916 a
1020 879 1167 918 ratione
1200 880 1386 933 suscipia-

44 953 114 994 tur,
150 944 293 985 debere
319 959 341 984 a
368 945 584 994 defiuitione
623 945 825 1000 proficisci,
865 953 907 986 ut
931 948 1178 1004 intelligatur,
1220 949 1311 1004 quid
1338 949 1386 988 sit

43 1018 81 1057 id
104 1018 151 1056 de
165 1031 242 1070 quo
258 1017 489 1071 disputetur:
516 1018 555 1056 id
572 1031 658 1056 meo
674 1019 840 1071 quodam
860 1020 942 1058 iure
960 1021 998 1059 in
1017 1020 1092 1059 hoc
1119 1021 1386 1074 quaestionum

43 1088 338 1126 Horatianarum
354 1101 477 1141 genus
493 1088 702 1127 transferre
718 1089 807 1128 mihi
826 1090 970 1129 videor.
997 1088 1099 1130 Nam
1114 1104 1232 1145 quum
1251 1090 1384 1129 dixero

43 1174 105 1200 me
131 1159 179 1199 de
206 1158 381 1199 versibus
399 1157 584 1200 Venusini
611 1167 748 1212 poetae
774 1175 851 1201 non
877 1161 990 1216 plane
1018 1164 1154 1216 paucis
1174 1164 1228 1203 ita
1255 1163 1385 1215 dispu-

43 1237 209 1271 taturum
236 1244 332 1277 esse,
361 1235 404 1269 ut
421 1229 662 1272 librariorum
690 1246 850 1280 errores,
879 1232 1018 1286 quibus
1045 1231 1170 1273 adhuc
1197 1224 1384 1278 laborant,

44 1303 179 1343 tollere
208 1316 326 1341 coner
352 1315 404 1341 ac
424 1315 494 1356 per
521 1308 644 1342 totum
674 1302 844 1342 libellum
872 1304 1027 1342 criticae
1054 1306 1143 1343 artis
1163 1303 1301 1357 finibus
1323 1317 1386 1343 me

44 1375 277 1415 contineam:
311 1387 388 1413 non
416 1373 594 1422 deerunt,
629 1375 782 1428 opinor,
816 1375 881 1427 qui
908 1379 976 1414 aut
1001 1374 1093 1414 illud
1128 1390 1194 1428 ten
1221 1375 1386 1415 Bentleii

45 1445 162 1484 simia’
189 1446 226 1483 iu
250 1458 311 1483 me
333 1445 471 1483 iaciant
497 1450 536 1483 et
554 1447 585 1484 si
611 1438 686 1499 qua
714 1446 933 1485 honestiora
960 1451 1101 1484 norunt
1127 1446 1315 1486 vocabula
1336 1468 1384 1476 -

44 1516 200 1556 memini
227 1516 326 1554 enim
355 1513 477 1554 simile
518 1515 608 1569 quid
637 1515 864 1569 quibusdam
893 1517 1063 1564 evenire,
1101 1518 1165 1571 qui
1192 1517 1386 1572 aliquanto

46 1602 161 1642 supra
196 1601 259 1626 me
293 1585 470 1625 collocati
505 1591 593 1625 sunt
617 1609 665 1614 —
695 1592 762 1626 aut
788 1593 931 1642 negent
972 1588 1194 1628 familiarem
1237 1588 1307 1628 sibi
1341 1602 1387 1627 ac

45 1660 220 1700 diuturna
262 1658 539 1697 consuetudine
581 1659 777 1712 cognitum
820 1664 973 1713 poetam
1010 1659 1073 1699 tali
1109 1674 1225 1714 opera
1262 1674 1388 1714 egere,

46 1731 148 1784 quod
187 1730 385 1769 hominum
420 1743 543 1783 genus
590 1744 709 1782 quum
754 1730 844 1769 olim
892 1729 1091 1772 Bentle'ms
1135 1732 1389 1777 extimuisset,

46 1815 169 1855 nuper
201 1800 443 1840 Godofredus
468 1799 712 1839 Hermannus
745 1802 782 1840 in
809 1814 860 1839 ea
888 1804 1233 1849 commentatione,
1273 1814 1388 1854 quam

46 1872 93 1911 de
120 1874 243 1926 primo
270 1871 416 1911 Horatii
445 1872 612 1912 carmine
641 1873 809 1925 scripsit,
844 1877 922 1911 tam
961 1886 1037 1910 non
1078 1886 1188 1924 pares
1223 1870 1293 1910 sibi
1321 1871 1389 1910 ad—

45 1943 236 1994 versarios
264 1943 412 1980 fortiter
438 1945 685 1980 contemnere
714 1955 828 1993 quam
848 1942 981 1979 timere
1009 1940 1154 1979 maluit.
1204 1941 1280 1991 Qui
1299 1955 1392 1995 pru-

2 2024 6 2030 ‘
42 2014 198 2070 §lentius
222 2011 402 2058 iudicant,
436 2010 669 2065 prudentius,
702 2011 758 2050 uti
785 2024 856 2064 par
883 2016 952 2058 est,
979 2012 1281 2067 interrogabunt,
1308 2013 1391 2066 qui-

46 2080 120 2127 [ms
146 2081 387 2138 egUfinibus
414 2082 583 2121 criticam
613 2095 772 2135 operam
800 2082 837 2120 in
865 2082 1024 2122 Horatio
1053 2083 1292 2122 emendando
1320 2083 1394 2121 cir-

48 2154 381 2196 cumscribendam
408 2166 494 2192 esse
522 2166 712 2192 censeam.
752 2152 855 2193 Nam
884 2159 1135 2208 posteaquam
1155 2152 1394 2193 intellectum

4 2273 13 2283 ι
49 2233 125 2275 est,
163 2226 391 2266 emendandi
429 2223 650 2264 facultatem
685 2238 762 2264 non
790 2230 829 2263 to
937 2226 1171 2278 iusquadam
1198 2225 1395 2264 celeritate

47 2298 188 2354 ingenii
215 2298 533 2353 cogitationisque
560 2295 737 2361 acuqfne
757 2226 1038 2352 essemisitam,
1066 2296 1134 2336 sed
1154 2297 1278 2350 ipsam
1300 2309 1396 2350 quo-

50 2371 177 2423 quein
204 2375 327 2410 artem
353 2369 461 2424 quasi
490 2366 682 2423 quandam
710 2367 829 2422 redigi
857 2352 983 2423 p⁸osse‚
1010 2371 1139 2422 que,
1168 2367 1200 2406 si
1218 2367 1396 2406 universe

5 2474 11 2481 .
51 2441 250 2489 iudicetur,
285 2455 363 2489 eos,
395 2442 523 2495 qui-in
551 2439 749 2479 codicibus
776 2439 1018 2480 conferendis
1047 2452 1260 2493 eorumque
1289 2437 1396 2477 fami-

1131 2513 1146 2548 1

249 0 319 38 ”³222
415 0 419 2 ·
564 16 571 22 -
714 0 836 29 v
905 0 1095 31 '³⁷5
1142 13 1159 30 ε
1316 0 1428 29 “ss-3
1481 0 1485 3 ·
1544 0 1559 15 ²

279 57 296 69 Ὺ
