1669 2839
815 92 870 141 61

161 202 233 247 los
255 200 303 242 ab
331 201 511 244 omnibus
535 202 739 245 confestim,
765 202 814 243 ad
842 203 1063 246 comoedias
1098 202 1264 243 relatum
1289 203 1362 243 iri?
1407 203 1512 245 Nihil

163 273 306 317 atinus:
339 287 428 318 nam
456 273 687 329 quum-ipse
712 273 883 316 Lucilius
911 275 1058 318 comis
1088 274 1237 317 dicatur
1264 274 1310 314 ab
1339 273 1512 324 Horatio,

163 345 243 386 sine
271 343 387 389 dubio
429 345 567 387 satirae
595 358 750 401 quoque
778 345 996 391 Lucilianae
1035 347 1134 387 inter
1170 360 1330 388 comes
1364 345 1514 388 libel-

161 416 233 461 los
261 418 462 471 ponendae
490 422 615 465 erant,
648 432 774 472 neque
802 419 934 466 video,
963 432 1031 461 cur
1058 433 1134 458 non
1165 419 1225 460 alii
1253 420 1369 461 etiam
1396 417 1515 459 libelli

162 488 264 531 haud
305 489 419 543 pauci
459 502 590 533 comes
631 490 706 532 dici
740 491 944 545 potuerint.
999 489 1129 532 Unum
1159 496 1234 540 est,
1275 491 1379 546 quod
1414 491 1514 532 inter

163 560 232 602 has
272 560 432 603 nebulas
473 562 662 616 dispicere
702 562 792 602 mihi
830 564 979 610 videor,
1022 576 1256 616 quamquam
1288 564 1327 602 id
1355 577 1510 616 quoque

165 632 295 674 sentiri
323 631 468 676 facilius
506 637 645 686 potest,
687 646 802 687 quam
844 634 956 673 certis
984 634 1219 688 argumentis
1247 633 1510 673 demonstrari.

166 703 266 746 Eum
307 707 426 751 enim,
467 705 533 757 qui
560 705 720 746 comiter
754 706 914 758 garriat,
954 719 1124 758 ‘comem
1153 705 1314 759 garrire'
1343 704 1434 751 dici,
1474 705 1512 744 id

165 774 279 830 plane
307 774 562 817 Horatianum
589 790 675 818 esse
704 781 743 815 et
769 776 860 818 mihi
886 777 1051 826 videtur,
1080 782 1118 816 et
1144 776 1241 824 aliis,
1270 776 1333 830 qui
1360 777 1513 831 penitus

164 854 305 893 norunt
313 854 480 903 poetam,
494 850 619 891 visum
634 850 677 891 iri
692 849 855 891 confido.
875 849 960 889 Hoc
975 850 1099 903 igitur,
1112 856 1155 889 ut
1167 850 1365 889 minimum
1377 844 1514 897 dicam,

165 920 277 962 valde
300 920 499 975 probabile
520 934 673 969 censeo,
694 922 816 975 ipsam
837 935 924 962 eam
939 921 1153 969 formulam,
1174 922 1283 975 quasi
1301 920 1512 972 solennem,

163 994 400 1037 retinendam
416 999 568 1042 esse,·et
580 994 632 1037 ita
645 994 801 1047 quidem
814 994 1065 1043 retinendam,
1079 1000 1121 1034 ut
1139 1008 1265 1048 neque
1278 998 1514 1048 separentur,

164 1065 302 1119 quibus
329 1066 542 1110 coniunctis
578 1065 749 1122 efficitur,
786 1079 912 1119 neque
939 1068 1372 1121 quicquampraeterea
1399 1064 1515 1105 adda-

165 1143 236 1180 tur,
291 1138 424 1192 anue
451 1139 490 1181 in
517 1153 558 1181 re
598 1138 689 1178 licet
729 1138 890 1179 fortasse
930 1139 978 1178 ad
1008 1138 1274 1192 Cruquianum
1316 1151 1513 1178 commen·

166 1214 330 1253 tatorem
358 1223 581 1265 provocare,
623 1211 687 1264 qui
714 1209 810 1251 haec
836 1209 971 1249 habet:
1000 1210 1161 1265 ‘garrire
1189 1210 1380 1264 nugari,
1422 1203 1513 1264 pro-

164 1287 251 1336 pter
277 1295 527 1336 personarum
559 1281 829 1330 humilitatem,
872 1284 935 1337 qui
963 1283 1001 1322 in
1029 1283 1229 1324 comoedia
1268 1281 1513 1335 loquuntur'3

164 1367 210 1395 ac
235 1355 401 1409 nugari
430 1355 545 1394 etiam
572 1355 674 1408 apud
704 1356 897 1395 Acronem
925 1360 1133 1409 comparet.
1187 1354 1258 1401 lta,
1293 1354 1364 1392 nisi
1392 1353 1513 1401 fallor,

163 1428 231 1467 vix
257 1428 483 1481 scripsisset,
510 1427 681 1481 quisquis
709 1427 854 1480 primus
883 1427 1045 1479 scripsit,
1080 1427 1111 1464 si
1140 1439 1209 1465 suo
1239 1426 1277 1464 in
1304 1424 1400 1464 libro
1429 1440 1515 1465 ver-

165 1498 267 1548 bum,
296 1499 400 1554 quod
427 1505 484 1539 est
512 1499 716 1554 garrire,
744 1512 832 1538 cum
853 1499 1071 1538 accusativo
1101 1498 1349 1538 coniunctum
1377 1511 1514 1552 reppe-

165 1572 287 1612 risset.
339 1571 499 1613 Accedit
525 1572 608 1625 ipsa
635 1571 750 1609 ratio:
778 1584 868 1610 nam
896 1576 939 1609 ut
964 1583 1077 1610 nemo
1108 1568 1273 1623 negabit,
1300 1570 1513 1610 rectissime

165 1643 310 1685 dictum
327 1658 412 1684 esse
439 1658 580 1699 ⁴nugas
607 1643 769 1698 garrire,
798 1641 956 1682 fabellas
971 1640 1132 1697 garrire'
1149 1646 1187 1680 et
1205 1642 1236 1680 si
1251 1655 1326 1695 qua
1342 1641 1514 1681 eiusdem

164 1716 446 1769 generissunt,
472 1717 523 1757 ita
551 1717 618 1757 vix
646 1715 884 1760 crediderim,
911 1713 1044 1761 verbo,
1073 1713 1177 1767 quod
1207 1713 1255 1752 de
1282 1712 1515 1766 loquente

163 1786 319 1833 homine
347 1789 512 1844 ponitur,
540 1802 561 1828 a
582 1787 683 1829 bono
704 1787 889 1841 scriptore
908 1786 1062 1840 adiungi
1082 1787 1252 1840 potuisse
1271 1784 1515 1833 vocabulum,

107 1857 111 1861 ’
165 1860 269 1915 quod
296 1862 528 1916 scriptam
554 1874 638 1901 rem
665 1858 871 1914 significat3
900 1864 938 1898 et
957 1849 1095 1898 vereor
1110 1872 1213 1905 sane,
1241 1871 1290 1896 ne
1317 1856 1515 1897 libellos

165 1934 351 1986 garrire
379 1947 456 1976 non
485 1934 608 1988 magis
634 1938 738 1975 recte
766 1946 807 1973 se
835 1930 985 1977 habeat,
1014 1945 1129 1983 quam
1150 1931 1181 1969 si
1200 1930 1283 1983 quis
1301 1927 1516 1984 Vergilium

164 2017 240 2046 non
268 2018 373 2045 arma
389 2006 600 2059 virumque,
629 2004 697 2044 sed
725 2002 876 2042 libros
903 2001 950 2040 de
972 2002 1102 2042 Aenea
1132 2002 1375 2042 cecinisse
1404 2002 1516 2043 dicat.

165 2076 278 2126 Quae
306 2090 426 2130 quum
453 2077 505 2117 ita
533 2076 623 2123 sint,
663 2088 740 2117 non
766 2074 863 2114 levis
892 2073 1012 2112 oritur
1040 2075 1227 2127 suspicio,
1268 2073 1467 2113 libellos
1495 2087 1518 2112 a

165 2154 385 2191 correctore
413 2161 511 2196 esse,
538 2147 603 2202 qui
622 2161 741 2201 quum
769 2147 951 2200 pristinae
980 2147 1191 2200 scripturae
1218 2136 1389 2200 vestigia,
1418 2159 1518 2199 quae

165 2226 393 2276 supererant
418 2221 457 2261 in
486 2220 621 2263 codice
648 2218 749 2261 male
782 2218 932 2267 habito,
969 2204 1109 2273 'parum
1148 2218 1356 2272 prudenter
1383 2219 1422 2257 in
1450 2232 1519 2259 ex-

165 2293 305 2349 plenda
332 2293 469 2337 lacuna
497 2297 735 2348 sequeretur,
763 2291 866 2333 hunc
887 2306 1040 2347 quoque
1059 2292 1189 2333 locum
1206 2290 1382 2345 imperite
1402 2291 1520 2332 inter-

165 2366 364 2421 polaverit.
426 2366 529 2417 Quid
571 2365 660 2405 olim
700 2366 888 2419 scriptum
929 2366 1044 2404 fuerit
1087 2363 1358 2417 quaerentibus
1395 2364 1521 2416 ipsum

166 2439 315 2483 Horatii
344 2441 392 2485 de
421 2439 620 2481 Fundanio
650 2425 832 2480 iudicium
868 2439 1085 2480 accuratius
1114 2436 1413 2477 examinandum
1439 2435 1521 2483 erit,

143 2493 394 2567 *praesertim
423 2524 546 2569 quum
570 2512 609 2553 id
635 2523 841 2566 perperam
870 2525 893 2551 a
921 2510 1149 2568 quibusdam
1177 2498 1360 2567 explicari
1387 2506 1520 2548 soleat.

1229 2586 1278 2625 4.
