1669 2839
517 33 545 63 ᾗ·
783 60 878 106 146

235 154 561 228 praeteragendus
589 169 722 226 equus.
751 173 1025 227 ‘quot-endis?
1051 186 1126 214 non
1148 174 1245 214 ‚mihi
1273 173 1420 215 Cumas
1454 200 1457 202 -

236 249 296 284 est
321 246 395 285 iter
421 249 487 284 aut
511 233 645 283 'Baias’
672 243 783 284 laeva
812 244 1081 285 stomachosus
1109 244 1255 288 habena
1329 246 1333 248 “

233 318 336 357 dicet
361 331 497 370 eques:
524 317 592 356 sed
620 318 730 371 equis
757 318 905 357 frenato
934 323 992 356 est
1018 322 1120 358 auris
1146 320 1183 358 in
1212 332 1290 359 ore.

154 388 312 428 Debent
337 389 439 428 enim
465 388 562 428 haec
579 388 752 439 obscura
781 390 912 437 videri,
948 404 1067 444 quum
1093 391 1351 439 recordamur,
1378 387 1507 446 quan-¹

156 467 290 515 topere
316 461 354 501 in
381 460 426 500 iis
449 460 686 515 explicandis
715 461 887 517 plerique
914 462 1142 519 interpretes
1168 466 1388 505 erraverint.
1429 464 1499 504 Est
1544 460 1547 465 ’

153 540 285 574 autem
312 539 392 573 tota
419 533 621 574 difficultas
648 536 685 574 in
714 547 788 574 una
815 534 955 574 vocula
977 534 1062 574 sed
1090 536 1232 589 posita:
1260 548 1359 589 quae
1377 549 1495 592 quum

155 608 343 661 significet
368 606 688 659 praecedentibus
714 606 855 660 aliquid
895 607 1052 661 opponi,
1092 606 1154 646 hic
1194 608 1261 646 vix
1294 609 1498 662 quicquam
1532 636 1534 641 s

154 679 339 727 invenies,
365 678 470 732 quod
489 679 707 732 oppositum
727 679 842 718 dicas.
887 678 941 719 Ea
961 684 1066 719 certe
1083 680 1354 732 interpretatio,
1382 692 1495 733 quam

155 751 352 806 Cruquius
391 750 619 789 monstravit
652 750 710 790 his
739 751 886 791 verbis:
928 751 1013 805 ‘sed
1040 765 1099 805 eq.
1129 751 1239 804 fren.]
1279 751 1316 791 h.
1345 767 1378 792 e.
1405 750 1509 807 quid'
1557 791 1563 796 ,

154 821 405 861 stomacharis
432 821 560 861 verbis
587 824 625 861 in
653 836 795 875 equum
824 828 863 862 et
888 823 1074 869 irasceris,
1103 824 1255 876 quando
1283 838 1359 863 non
1385 825 1496 878 igno—

154 908 216 933 ras
242 893 408 941 habena,
446 906 523 932 non
551 892 679 932 verbis
713 893 905 948 agendum
934 893 1135 949 equum?‘,
1170 909 1191 934 a
1220 909 1294 949 qua
1322 896 1495 950 proxime

153 968 292 1007 absunt
332 972 551 1006 ceterorum
593 966 820 1013 sententiae,
862 980 953 1005 vera
987 980 1064 1006 non
1098 967 1258 1007 videtur.
1313 967 1495 1007 Horatius

153 1040 254 1079 enim
282 1053 358 1078 non
378 1038 452 1078 hoc
475 1037 600 1077 solum
629 1038 779 1091 scripsit
806 1037 925 1091 ‘dicet
952 1039 1098 1093 eques'‚
1126 1040 1194 1079 sed
1214 1039 1356 1079 addidit
1384 1040 1496 1093 ⁶dicct

151 1111 289 1151 laeva
318 1110 585 1149 stomachosus
603 1108 657 1148 ha
670 1110 813 1157 bena',
840 1112 892 1149 ita
913 1116 954 1150 ut
971 1112 1008 1152 id
1026 1112 1163 1165 ipsum,
1183 1111 1287 1165 quod
1307 1124 1356 1149 ex
1374 1110 1494 1149 altero

151 1184 335 1224 enuntiati
375 1183 549 1222 membro
589 1181 741 1222 efficere
781 1182 952 1238 student,
996 1184 1082 1222 insit
1114 1185 1330 1238 inpriore,
1371 1197 1496 1236 neque

151 1255 272 1294 ullum
301 1255 549 1308 oppositionis
578 1254 783 1307 vestigium
812 1260 1043 1308 compareat.
1098 1255 1186 1293 Fuit
1211 1255 1326 1309 igitur
1351 1276 1402 1283 -—
1422 1255 1492 1293 nisi

150 1328 335 1367 memoria
365 1327 550 1380 deceptus
586 1340 671 1365 mea
710 1340 779 1379 pro
807 1325 939 1365 alienis
968 1327 1120 1366 vendito
1150 1351 1196 1357 —
1227 1329 1290 1380 qui
1319 1326 1493 1377 ultimum

150 1412 308 1438 versum
333 1399 385 1437 ita
414 1398 581 1437 scribere
620 1396 755 1436 vellet:
797 1397 915 1445 ‘dicet
946 1385 1086 1451 eques:
1128 1402 1172 1436 et
1199 1398 1307 1452 equis
1346 1398 1492 1436 [renato

151 1476 211 1509 est
238 1471 341 1510 auris
368 1471 406 1509 in
435 1470 541 1519 orc'3
583 1484 744 1523 eamque
772 1470 959 1508 rationem
993 1484 1123 1509 veram
1157 1469 1383 1516 iudicarem,
1422 1470 1493 1509 nisi

148 1544 185 1583 in
216 1542 289 1582 hac
317 1542 471 1596 quidem
499 1540 636 1581 vocula
667 1540 769 1579 nulla
798 1542 941 1580 inesset
966 1541 1172 1584 interioris.
1210 1556 1325 1594 quam
1352 1542 1493 1589 dicunt,

149 1600 429 1654 coniunctionis
463 1612 706 1667 significatio,
747 1626 790 1651 ea
826 1618 971 1660 autem,
1014 1627 1113 1666 quae
1142 1613 1320 1651 Horatius
1354 1614 1493 1667 posuit,

148 1701 227 1727 non
255 1685 530 1739 colliganda
559 1683 695 1731 solum,
724 1685 791 1723 sed
812 1684 1098 1738 implicanda
1127 1686 1243 1724 fuisse
1263 1685 1490 1725 viderentur.

146 1758 279 1813 ltaque
307 1772 352 1797 ea
381 1754 585 1811 particula,
622 1769 737 1810 quam
766 1756 882 1796 modo
912 1771 932 1795 a
961 1771 1075 1796 versu
1102 1771 1152 1796 ex
1185 1758 1309 1796 satiris
1336 1762 1488 1811 sumpto

145 1832 309 1871 alienam
336 1830 519 1875 iudicavi,
547 1828 622 1866 huc
651 1828 848 1876 translata,
883 1832 1006 1882 ipsum
1034 1829 1236 1869 Horatium
1270 1830 1366 1868 haec
1400 1828 1488 1867 olim

145 1902 345 1957 scripsisse
373 1901 572 1941 existimo:

626 1973 735 2012 laeva
764 1974 1031 2012 stomachosus
1057 1974 1205 2013 habena

299 2047 401 2086 dicet
428 2060 557 2099 eques,
586 2050 634 2083 ut
662 2046 770 2099 equis
800 2047 945 2085 frenato
974 2051 1032 2085 est
1059 2047 1161 2085 auris
1188 2047 1224 2085 in
1255 2060 1332 2085 ore.

144 2120 169 2161 l.
197 2135 230 2160 e.
259 2125 302 2159 ut
328 2133 519 2173 equorum
558 2131 610 2157 ean
636 2123 770 2157 natura
812 2124 886 2167 est,
928 2124 969 2158 ut
1001 2132 1133 2157 aurem
1168 2120 1205 2157 in
1234 2120 1379 2157 frenato
1421 2132 1487 2158 ore

144 2192 285 2232 habere
313 2191 526 2237 videantur,
554 2190 604 2228 ita
626 2191 671 2237 ei,
699 2192 762 2244 qui
783 2191 949 2244 colloqui
965 2190 1073 2230 ‘volet
1093 2205 1181 2230 cum
1201 2205 1312 2244 equo,
1339 2191 1486 2231 habena

142 2264 379 2319 loquendum
407 2268 476 2303 est.
519 2261 703 2303 Similiter
731 2262 979 2317 explicandus
1006 2268 1064 2302 est
1091 2262 1152 2303 hic
1171 2277 1304 2303 versus
1329 2264 1437 2319 epist.
1460 2261 1483 2301 l.

147 2340 204 2378 19.
220 2338 256 2384 3,
285 2336 348 2375 ubi
368 2337 414 2376 de
442 2335 653 2390 particulae
672 2337 708 2375 vi
732 2345 973 2390 magnopere
994 2337 1220 2376 dissentiunt
1245 2338 1483 2389 interpretes.

245 2408 284 2448 ln
304 2406 456 2448 duobus
482 2408 589 2455 locis,
618 2407 663 2447 ad
692 2420 790 2461 quos
820 2408 1035 2448 tractandos
1054 2409 1284 2455 accedimus,
1314 2407 1482 2447 criticam

143 2487 264 2522 artem
293 2482 526 2528 deseremus,
568 2481 756 2534 siquidem
785 2495 936 2520 omnem
957 2482 1004 2521 de
1033 2481 1337 2535 interpunctione
1365 2495 1481 2533 quae-
