1669 2839
505 2 572 116 ,ἐ
852 60 912 104 28

203 172 308 227 quod
336 176 405 221 aut
432 173 568 235 w
603 182 759 225 quoque
799 175 1002 210 exsectum
1030 170 1133 219 esse,
1162 176 1230 211 aut
1256 176 1349 213 tunc
1373 175 1491 214 etiam
1517 175 1556 214 in

202 243 371 285 hominis
397 240 524 300 capite
550 242 719 298 conspici
747 240 960 297 oportebat.
1015 240 1194 298 Deniqde
1219 244 1284 299 qui
1311 242 1409 287 haec
1435 250 1556 299 ⁸setou

203 330 289 355 sam
316 316 433 355 laevi'
459 317 509 355 ita
549 314 753 353 coniuncta
794 312 949 367 legerit,
989 314 1105 369 idque
1132 316 1235 369 apud
1263 314 1485 364 Horatium,
1522 318 1555 356 is

203 387 334 427 facere
359 382 428 425 vix
454 384 613 440 poterit,
654 385 746 439 quin
779 397 850 424 suo
890 384 1045 425 cuidam
1070 378 1212 434 sensui,
1239 386 1303 441 qui
1326 388 1488 427 'maximi
1517 388 1555 427 in

203 452 391 496 eiusmodi
418 455 536 496 rebus
551 455 813 496 aestimandus
828 461 897 503 est,
924 454 1146 504 obsecutus,
1172 456 1298 497 laevi
1326 470 1404 497 non
1418 457 1467 497 ab
1494 471 1556 504 eo,

165 545 169 550 -
203 527 307 583 quod
336 532 396 567 est
422 527 609 575 laevus,
643 532 813 581 repetat,
847 526 915 567 sed
955 529 1159 567 setosam
1188 532 1228 568 et
1252 527 1351 568 levi
1390 529 1557 569 invicem

202 600 382 653 opposita
408 612 495 638 esse
522 600 728 646 existimet,
756 611 857 652 quae
884 598 1075 651 oppositio
1095 612 1213 652 quam
1235 604 1342 638 recte
1360 599 1556 653 procedat,

200 684 251 711 ne
276 670 430 726 longius
457 682 682 718 excurram,
710 668 772 709 vel
800 683 851 709 ex
869 668 928 709 his
954 669 1046 708 satis
1072 669 1319 724 perspicitur,
1346 683 1447 725 quae
1461 670 1557 710 Por·-

202 742 338 796 phyrio
366 741 415 781 ad
444 740 554 794 epod.
587 742 644 781 16.
670 740 722 779 34
750 739 971 794 adscripsit:
999 745 1201 795 ,ametque
1227 740 1328 780 salsa
1355 740 1453 781 levis
1478 741 1556 781 hir—

141 854 156 866 „
201 827 271 854 cus
299 812 486 868 aequora]
515 811 660 866 duplex
688 812 908 860 diversitas,
943 816 986 851 ut
1014 817 1118 851 amet
1146 826 1315 867 aequora
1342 813 1489 861 hircus,
1516 813 1555 852 id

200 889 259 923 est
285 889 329 922 ut
354 884 393 923 in
419 884 516 922 mari
543 888 733 931 moretur,
769 888 809 921 et
835 887 878 921 ut
904 881 1029 921 levis
1057 882 1137 930 fiat,
1172 895 1262 923 cum
1289 883 1458 937 alioquin
1486 896 1554 922 se·

199 959 342 994 tosus
368 953 439 993 sit:
483 952 617 1009 ltaque
645 969 722 996 non
750 959 897 995 temere
923 952 1034 994 nobis
1062 958 1233 995 statuere
1251 955 1438 1003 videmur,
1465 955 1497 995 si
1516 955 1553 994 in

199 1025 334 1065 ultimo
365 1039 482 1065 versu
508 1025 768 1079 corruptelam
794 1026 922 1064 inesse
948 1024 1173 1064 iudicamus.
1217 1024 1275 1064 Ea
1302 1039 1379 1080 qua
1406 1026 1554 1065 ratione

199 1096 370 1137 sananda
398 1097 457 1146 sit,
486 1101 638 1151 praeter
657 1110 720 1145 ea,
747 1109 847 1152 quae
874 1095 991 1136 modo
1020 1095 1312 1151 disputavimus,
1338 1096 1404 1136 illa
1430 1097 1554 1146 ‘frons

198 1182 320 1208 cornu
361 1169 538 1209 exsecto'
567 1168 752 1208 ostendit:
788 1181 878 1208 nam
919 1181 1052 1215 nemo,
1081 1168 1152 1207 nisi
1180 1167 1309 1215 fallor,
1337 1169 1420 1222 qui,
1447 1166 1551 1207 nulla

197 1241 443 1295 sequentium
471 1242 621 1281 ratione
647 1238 795 1288 habita,
828 1241 911 1295 ipsa
939 1238 1003 1279 illa
1029 1238 1147 1280 verba
1174 1239 1415 1293 interpretari
1443 1238 1551 1279 iube-

198 1311 313 1359 bitur,
341 1312 390 1351 de
408 1312 555 1352 bicorni
576 1311 640 1350 vel
666 1311 822 1350 homine
848 1311 912 1350 vel
939 1310 1053 1350 belua
1081 1309 1275 1365 cogitabit,
1308 1323 1443 1350 omnes
1469 1322 1553 1349 mo-

195 1387 424 1423 nocerotem
452 1381 676 1437 intelligent,
704 1383 768 1437 qui
798 1395 918 1423 cornu
946 1382 1072 1422 media
1091 1384 1128 1423 in
1149 1383 1274 1422 fronte
1292 1387 1413 1437 gerat.
1454 1380 1551 1421 Cor-

197 1467 276 1493 nua
303 1459 434 1492 autem
462 1467 583 1507 quum
611 1466 698 1492 eam
725 1454 890 1492 sormam
917 1453 1100 1500 habeant,
1128 1458 1171 1492 ut
1198 1453 1274 1491 ima
1303 1466 1437 1491 eorum
1463 1464 1552 1506 pars

201 1529 270 1563 aut
297 1523 462 1563 rotunda
491 1524 551 1571 sit,
574 1528 642 1562 aut
667 1524 844 1577 proxime
873 1523 971 1562 absit
997 1523 1045 1563 ab
1074 1518 1325 1563 rotunditate:
1364 1523 1449 1562 talis
1475 1523 1555 1561 fere

198 1595 262 1634 illa
294 1595 421 1634 Messii
449 1595 612 1633 cicatrix
638 1593 754 1634 debet
793 1595 929 1643 fuisse,
968 1601 1011 1634 ut
1044 1597 1082 1635 in
1115 1595 1242 1635 media
1285 1596 1415 1635 fronte.
1451 1595 1551 1633 inter

196 1668 302 1722 ipsos
321 1668 446 1707 crines
473 1665 626 1706 macula
659 1666 825 1706 rotunda
850 1673 1055 1722 appareret
1090 1667 1258 1708 crinibus
1275 1667 1399 1716 nuda;
1426 1666 1552 1707 crines

198 1740 300 1778 enim
328 1751 405 1777 non
434 1739 665 1792 proveniunt
690 1738 728 1778 in
756 1738 1008 1779 cicatricibus.
1063 1738 1118 1779 lta
1146 1739 1284 1794 igitur,
1321 1740 1475 1794 opinor,
1515 1737 1553 1777 in

195 1809 461 1864 antiquissimo
488 1808 617 1863 aliquo
645 1809 779 1849 codice
805 1811 991 1864 scriptum
1019 1815 1120 1850 erat:

379 1884 550 1919 setosam
578 1879 687 1919 laevi·
708 1881 873 1920 frontem
899 1873 1290 1935 turpaverat'ORnj

196 1953 285 1993 inde
313 1956 522 2000 corrector,
549 1966 672 2006 quum
698 1952 822 1992 laevi
851 1966 928 1992 non
952 1958 1057 1992 recte
1084 1952 1325 2008 intelligeret,
1354 1952 1392 1992 id
1412 1952 1548 1998 effecit,

196 2024 301 2078 quod
329 2028 388 2063 est
415 2024 453 2063 in
480 2023 697 2064 codicibus:
726 2023 893 2064 debebat
919 2029 1050 2063 autem
1077 2023 1217 2064 lacuna
1243 2024 1300 2063 sic
1327 2022 1495 2078 expleri:

378 2099 550 2134 setosam
577 2094 653 2135 levi
675 2096 848 2140 &antem
876 2101 1099 2150 turpaverat
1126 2095 1300 2136 ORBE.

197 2162 424 2216 Quaffacta
459 2166 688 2214 mutatione,
724 2166 984 2207 dubitationes
1012 2166 1061 2207 ad
1089 2180 1205 2207 unam
1238 2180 1372 2207 omnes
1407 2178 1548 2205 evane-

197 2241 326 2284 scunt,
368 2236 641 2291 Sarmentique
680 2238 882 2279 dicterium
910 2253 1027 2293 quam
1055 2239 1170 2294 plane
1198 2240 1399 2296 egregium
1426 2239 1551 2285 fuerit,

195 2306 428 2362 intelligitur.

299 2377 481 2420 Similiter
507 2385 712 2434 peccatum
741 2395 826 2422 esse
855 2383 1017 2424 coniicio
1047 2390 1115 2424 sat.
1133 2383 1173 2425 ll.
1199 2384 1235 2424 3.
1262 2384 1333 2423 115
1361 2397 1455 2437 sqq„
1484 2381 1546 2421 ubi

193 2451 292 2491 haec
321 2449 503 2491 exhibent
532 2452 705 2492 codices:
