1669 2839
793 87 853 133 θ’

149 197 293 241 lineam
308 198 555 248 adscendere,
572 199 626 239 ita
643 203 686 239 ut
703 199 880 254 proxime
898 198 973 239 adl
987 197 1121 238 literae
1139 196 1301 252 figuram
1318 195 1493 239 accedat.

155 270 232 321 Qui
259 271 477 311 autem-vel
503 269 700 310 LURES
728 270 792 310 vel
818 270 947 310 lures
973 269 1139 324 legebat,
1175 269 1304 308 facere
1333 271 1399 309 vix
1425 284 1495 324 po-

156 347 272 392 terat,
309 345 401 399 quin
438 356 524 383 eam
549 342 699 383 literam
730 342 904 392 adderet,
944 356 1020 398 qua
1045 342 1118 397 ipsi
1145 341 1194 382 ad
1222 339 1496 395 perficiendum

72 418 83 429 ⁶
156 415 389 456 vocabulum
423 427 524 469 opus
551 414 759 454 videretur.
808 413 960 454 iurandi
986 414 1151 468 denique
1176 412 1298 453 verbo
1326 412 1498 452 similiter

157 500 249 528 usus
276 493 336 529 est
362 485 545 527 Horatius
573 486 681 541 epist.
707 484 749 526 ll.
780 487 812 525 1.
839 486 927 526 244.
1138 527 1139 530 ¹

257 559 449 613 Superest
472 571 578 597 unus*
601 558 722 606 locus,
748 558 798 597 de
829 571 908 611 quo
935 557 1168 597 dubitantius
1191 558 1375 605 dicemus,
1402 572 1498 611 quo—

157 631 260 670 niam
279 630 362 670 eius
381 629 689 670 emendationem
714 628 896 669 inchoare
921 628 1033 669 nobis
1059 641 1175 683 posse
1193 628 1380 676 videmur,
1407 642 1500 670 con-

160 713 354 741 summare
371 714 450 741 non
467 702 572 741 item.
614 700 724 751 Quae
742 700 843 741 enim
868 700 1021 746 codices
1040 699 1223 739 exhibent
1240 705 1309 741 sat.
1324 698 1366 740 ll.
1380 701 1414 738 7.
1429 701 1499 739 29:

767 773 801 812 si
829 781 1018 827 nusquam
1047 786 1089 813 es
1116 772 1214 812 forte
1239 778 1402 813 vocatus

315 845 364 884 ad
392 858 565 892 coenam,
591 844 726 883 laudas
752 856 932 882 securum
958 843 1043 883 olus
1071 856 1128 890 ac,
1155 843 1262 882 velut
1287 856 1449 897 usquam

314 916 466 965 vinctus
494 930 570 964 eas,
597 917 649 955 ita
677 920 715 955 te
740 914 894 956 felicem
921 915 1015 956 dicis
1040 928 1223 970 amesque

315 988 419 1041 quod
446 1000 636 1042 nusquam
662 987 730 1027 tibi
755 988 804 1027 sit
828 988 1059 1042 potandum:

163 1071 208 1098 ea
235 1059 290 1099 sic
316 1058 364 1099 ab
391 1060 475 1114 ipso
494 1058 654 1099 Horatio
681 1060 822 1114 scripta
850 1074 935 1100 esse
960 1061 1028 1100 vix
1054 1060 1291 1101 crediderim,
1332 1060 1502 1101 Primum

164 1143 400 1185 magnopere
417 1144 480 1170 me
499 1131 655 1172 offendit
682 1132 837 1172 minime
862 1133 1050 1183 iucundus
1074 1146 1257 1173 versuum
1283 1145 1411 1180 sonus,
1439 1134 1503 1187 qui

164 1201 254 1240 inde
280 1203 411 1249 oritur,
438 1203 542 1256 quod
560 1204 656 1242 intra
675 1204 926 1257 paucissimas
952 1204 1072 1244 lineas
1099 1217 1294 1257 usquam
1322 1209 1379 1243 ter
1395 1205 1503 1259 inge—

165 1274 276 1312 ritur:
303 1274 336 1313 si
353 1288 597 1328 nusquam,
615 1274 723 1316 velut
740 1289 952 1329 usquam,
971 1276 1075 1330 quod
1094 1288 1343 1328 nusquam:
1361 1275 1505 1315 habent

165 1358 211 1384 ea
237 1345 412 1399 profecto
448 1358 585 1399 parum
622 1345 854 1399 splendoris,
882 1352 921 1387 et
946 1347 1079 1387 nescio
1107 1360 1154 1386 an
1182 1345 1329 1390 honore
1354 1346 1505 1402 indigna

166 1418 348 1457 fruantur.
398 1416 535 1456 Semel
574 1422 704 1457 autem
743 1422 873 1457 motae
899 1418 1106 1473 suspicioni
1134 1431 1184 1457 ex
1209 1419 1291 1472 ipsa
1316 1417 1393 1458 loci
1419 1432 1506 1457 sen-

166 1489 302 1538 tentia,
342 1488 465 1544 qualis
492 1503 595 1530 nunc
623 1494 696 1538 est,
732 1488 874 1545 aliquid
901 1489 1083 1544 ponderis
1122 1489 1272 1530 videtur
1310 1490 1507 1532 accedere.

167 1560 277 1601 Haec
316 1562 417 1601 enim
464 1561 590 1615 ‘velut
621 1576 784 1616 usquam
820 1563 973 1601 vinctus
999 1562 1081 1602 eas'
1107 1575 1185 1602 non
1211 1567 1373 1615 possunt
1399 1561 1508 1601 aliter

168 1632 291 1687 accipi
316 1637 433 1687 atque
474 1632 599 1673 solent
625 1632 673 1673 ab
708 1633 978 1689 interpretibus
1019 1632 1219 1688 explicari,
1258 1634 1310 1673 ita
1343 1638 1386 1672 ut
1411 1631 1508 1672 haec

169 1705 308 1744 dixerit
334 1703 492 1745 Davus:
517 1705 691 1759 ‘laetaris
716 1705 786 1753 ita,
823 1707 931 1761 quasi
959 1706 1006 1746 ad
1033 1705 1147 1745 ullius
1180 1718 1350 1760 unquam
1378 1706 1509 1745 convi-

169 1778 275 1818 vium
300 1777 463 1817 vinculis
490 1782 670 1817 oneratus
696 1778 799 1818 eas':
831 1779 936 1832 quod
962 1784 1091 1818 tamen
1118 1777 1252 1818 dubito
1277 1792 1370 1818 num
1397 1777 1511 1818 valde

169 1849 369 1904 probabile
403 1849 461 1888 sit.
514 1847 618 1888 Nam
645 1850 677 1887 si
705 1849 753 1888 de
779 1850 817 1888 vi
843 1849 947 1888 illata
984 1849 1112 1889 dicere
1143 1848 1301 1888 volebat
1334 1849 1510 1903 petulans

168 1921 242 1962 iste
269 1921 478 1976 sapientiae
503 1921 696 1976 magister,
724 1920 869 1960 fortiori
896 1920 1024 1975 aliquo
1051 1919 1240 1961 vocabulo
1259 1921 1313 1959 uti
1332 1919 1509 1968 debebat,

171 1993 296 2049 qualia
324 1998 430 2032 sunt:
469 1993 562 2046 rapi,
603 1991 699 2030 trahi
727 1990 880 2030 obtorto
913 1991 1028 2039 collo,
1065 1991 1221 2040 similia3
1261 1992 1378 2047 idque
1404 1998 1511 2033 recte

170 2068 372 2104 senserunt
397 2063 625 2117 interpretes
641 2063 678 2110 ii,
705 2063 770 2117 qui
793 2076 863 2118 pro
883 2064 1012 2104 vincto
1030 2063 1168 2104 callide
1195 2063 1373 2117 ‘vinculis
1399 2078 1511 2104 one·

171 2134 341 2175 ratum’
368 2140 591 2188 posuerunt.
643 2133 850 2175 Vinctus
888 2141 994 2175 certe
1029 2136 1151 2175 multo
1184 2136 1370 2176 leniorem
1395 2137 1512 2174 inter·

144 2206 427 2263 ‘pretationem
466 2205 641 2246 admittit.
704 2205 780 2257 Qui
816 2207 916 2246 enim
949 2220 971 2247 a
1003 2208 1150 2262 potenti
1189 2206 1316 2262 aliquo
1357 2205 1514 2256 homine

173 2280 223 2320 ad
249 2278 468 2319 convivium
493 2282 664 2325 vocatur,
692 2278 726 2317 ei
745 2291 822 2319 non
849 2268 1003 2319 omnino
1031 2279 1193 2318 liberum
1219 2284 1278 2318 est
1303 2278 1513 2326 arbitrium,

174 2355 304 2390 utrum
328 2349 459 2388 venire
485 2348 579 2389 velit
604 2362 652 2388 an
670 2361 747 2388 non
774 2349 884 2398 velit,
911 2354 1027 2404 atque
1051 2350 1177 2403 ipsum
1192 2348 1408 2398 Horatium,
1435 2363 1513 2404 quo

174 2428 350 2478 tempore
377 2421 475 2463 haec
501 2422 669 2477 scripsit,
695 2435 774 2462 non
800 2428 913 2477 puto,
941 2424 972 2463 si
998 2427 1202 2463 vocaretur
1228 2437 1251 2463 a
1279 2423 1513 2470 Maecenate,

175 2495 313 2536 eadem
338 2494 514 2536 libertate
552 2504 711 2536 usurum
751 2494 887 2545 fuisse,
927 2508 1002 2550 qua
1035 2499 1172 2549 postea
1198 2508 1292 2536 usus
1319 2500 1378 2535 est
1404 2496 1513 2549 epist.
