1669 2839
813 81 876 128 48

170 189 196 230 1.
217 192 253 230 7.
298 190 350 231 At
376 190 444 245 qui
469 191 577 232 iuviti
603 191 652 233 ad
680 204 841 231 coenam
871 196 973 238 eunt,
1000 191 1184 245 quonia-m
1208 192 1248 232 id
1274 191 1347 231 sibi
1374 191 1517 233 facien-

169 263 261 303 dum
291 276 378 303 esse
399 262 626 316 intelligunt,
656 275 724 302 eos
743 275 812 303 cur
833 275 910 303 non
938 262 1040 303 dicat
1065 267 1180 317 poeta
1207 263 1399 306 vinctos
1424 262 1515 304 illuc

166 332 253 380 ire?
279 340 441 390 poterat,
468 336 625 374 sirecte
647 336 783 382 sentio,
809 335 948 376 eodem
966 335 1049 375 iure
1066 336 1118 375 ita
1136 334 1255 389 loqui,
1283 348 1360 389 quo
1380 349 1515 376 omnes

168 420 212 447 se
238 405 349 446 alicui
391 406 592 447 devinctos
632 421 717 446 esse
751 406 815 446 vel
845 406 1073 446 liberalitate
1112 407 1272 447 alicuius
1310 406 1514 447 obstrictos
1589 413 1597 423 ¹

168 483 284 532 atque
311 476 502 533 obligatos
518 479 650 531 ‚teneri
676 477 965 533 profitebantur.
1011 478 1185 531 Simplici
1202 478 1323 519 verbo
1341 477 1513 519 similiter

165 562 260 588 usus
288 554 348 588 est
373 548 550 597 Tacitus,
590 563 709 603 quum
736 554 933 603 ⁴corrupta
966 550 1015 589 ad
1042 549 1169 589 scelus
1195 549 1303 590 Livia
1330 549 1513 590 Seianum

166 619 294 675 Lygdi
313 635 468 675 quoque
484 621 666 675 spadonis
692 622 862 661 animum
889 626 1023 674 stupro
1051 621 1236 661 vinxisse'
1263 628 1393 662 narrat
1414 623 1510 662 Ann.

165 689 227 730 lv.
248 692 314 730 10:
342 691 448 746 quod
474 692 577 732 idem
595 693 627 732 si
646 691 842 747 aliquanto
869 694 977 747 prius
1004 697 1119 746 poeta
1146 706 1263 732 ausus
1286 694 1511 747 reperietur,

164 767 243 803 non
270 762 439 803 mirabor
477 763 654 817 equidem
680 765 719 805 in
747 769 850 805 tanta
886 764 1067 804 similium
1094 764 1360 818 exemplorum
1388 765 1509 817 copia.

166 836 198 873 A
226 833 329 873 Davi
363 839 496 876 autem
523 847 703 874 sermone
743 834 836 874 nihil
863 834 1023 875 alienius
1059 839 1135 883 est,
1176 849 1292 891 quam
1318 835 1448 883 verba,
1473 835 1511 874 in

164 905 302 961 quibus
331 906 395 947 vel
426 905 620 948 levissima
654 907 929 948 moderationis
955 908 993 948 in
1021 907 1184 949 dicendo
1217 909 1367 963 species
1403 908 1510 948 insit:

161 979 194 1017 is
222 979 324 1018 enim
351 982 402 1018 ita
429 992 518 1018 cum
546 979 701 1019 domino
736 978 945 1018 altercatur
969 979 1038 1029 (25
1066 979 1221 1027 clamas,
1248 980 1298 1018 29
1325 979 1433 1027 levis,
1460 977 1513 1017 35

162 1050 339 1098 blateras,
366 1050 418 1090 43
436 1065 498 1092 me
526 1051 678 1092 stultior
701 1052 814 1106 ipso),
842 1056 885 1091 ut
902 1051 1107 1091 fortissima
1134 1066 1312 1106 quaeque
1337 1051 1391 1091 illi
1418 1065 1510 1092 con—

161 1122 449 1162 venientissima
489 1123 607 1162 fuisse
644 1121 847 1176 intelligas.
901 1120 971 1162 His
999 1124 1235 1175 argumentis
1268 1123 1440 1163 adducor
1467 1128 1508 1162 ut

161 1194 354 1249 suspicer,
396 1198 603 1248 peccatum
630 1193 773 1248 aliquid
800 1206 887 1234 esse
913 1206 935 1232 a
964 1195 1224 1247 grammaticis
1250 1195 1288 1234 in
1315 1208 1361 1234 ea
1388 1207 1509 1234 enun-

159 1266 241 1305 tiati
268 1270 388 1320 parte,
417 1265 466 1305 de
493 1278 569 1320 qua
596 1265 849 1318 disputamus.
900 1262 943 1303 Id
971 1263 1085 1318 quale
1109 1265 1170 1312 sit,
1211 1278 1258 1304 eo
1292 1264 1385 1305 mihi
1410 1264 1506 1305 indi-

159 1338 238 1379 cari
264 1337 429 1387 videtur,
457 1337 562 1393 quod
579 1336 784 1377 Horatium
811 1350 1050 1386 ‘securum
1078 1336 1176 1378 olus'
1203 1336 1381 1378 laudasse
1406 1338 1508 1378 acci-

157 1411 301 1464 pimus:
341 1409 431 1449 inde
457 1408 565 1448 illum
590 1410 630 1448 in
649 1409 865 1462 principum
890 1409 1022 1448 coenis
1048 1408 1190 1462 aliquid
1217 1410 1399 1449 metuisse
1426 1408 1508 1448 col·

157 1481 254 1537 ligo,
295 1480 399 1535 quod
431 1485 499 1521 aut
530 1479 745 1534 periculum
773 1485 876 1520 esset
901 1486 969 1521 aut
994 1480 1155 1535 periculi
1181 1480 1315 1521 simile.
1367 1479 1506 1535 Neque

158 1566 281 1593 vanus
307 1554 340 1592 is
367 1556 494 1592 metus
521 1556 620 1598 erat,
648 1565 769 1605 quum
796 1552 923 1600 sciret,
951 1551 1100 1593 nobiles
1126 1551 1302 1592 homines
1327 1551 1505 1592 humilio-

155 1625 261 1666 ribus
286 1624 390 1665 haud
415 1638 503 1664 raro
529 1623 646 1672 abuti,
673 1628 716 1663 ut
735 1621 931 1678 Philippus
958 1623 1102 1664 abusus
1127 1629 1186 1663 est
1205 1622 1359 1664 Volteio
1378 1623 1503 1672 Mena,

155 1699 221 1752 qui
265 1695 479 1750 ‘occultum
515 1697 621 1736 visus
661 1696 867 1736 decurrere
906 1696 1022 1749 piscis
1069 1696 1116 1735 ad
1156 1694 1330 1736 hamum‘
1365 1694 1503 1735 dicitur

154 1769 263 1823 epist.
291 1766 317 1808 l.
346 1769 381 1808 7.
403 1768 465 1807 74.
518 1767 627 1808 Haec
655 1768 806 1821 quoties
828 1781 982 1807 mecum
1009 1767 1246 1821 reputabam,
1272 1767 1311 1806 in
1339 1766 1502 1807 eandem

152 1853 307 1896 semper
339 1839 602 1879 coniecturam
642 1838 775 1886 incidi,
816 1851 894 1879 non
936 1852 1135 1894 usquam
1176 1837 1267 1878 olim
1299 1839 1338 1878 in
1366 1851 1502 1896 versus

152 1911 323 1956 clausula
350 1912 481 1959 fuisse,
505 1910 575 1951 sed
603 1924 783 1959 escam,
811 1911 915 1965 quod
942 1910 1177 1951 vocabulum
1201 1915 1382 1964 suspecto
1402 1911 1502 1950 eius-

152 1985 257 2026 modi
284 1983 463 2024 convivio
504 1982 618 2026 unice
650 1982 803 2022 videtur
844 1982 1182 2023 accommodatum
1215 1995 1310 2022 esse.
1361 1980 1500 2038 Neque

149 2058 233 2111 ipsa
252 2055 412 2096 mutatio
435 2053 640 2094 temeraria
658 2058 734 2093 est:
761 2054 887 2107 potuit
905 2054 1058 2094 enimin
1076 2054 1233 2108 antiquo
1254 2052 1382 2107 aliquo
1400 2052 1498 2092 libro

149 2128 255 2185 quod
281 2141 385 2169 nunc
412 2139 570 2167 escam
597 2124 817 2172 scribimus,
858 2127 910 2166 ita
936 2126 1122 2179 scriptum
1149 2138 1257 2165 esse:
1286 2138 1497 2179 esquam‚

149 2198 477 2255 quemadmodum
515 2196 540 2236 Ι.
571 2196 768 2250 Cruquius
794 2197 844 2236 ad
871 2202 942 2236 sat.
967 2196 1012 2237 ΙΙ.
1039 2197 1075 2235 5.
1102 2195 1154 2234 36
1182 2209 1384 2249 quarere
1424 2210 1496 2250 pro

150 2285 312 2312 carere
332 2272 371 2312 in
393 2268 592 2312 codicibus
611 2282 654 2308 se
677 2261 870 2308 invenisse
899 2273 1072 2316 testatur,
1101 2280 1198 2321 quos
1217 2272 1369 2308 constat
1381 2281 1498 2321 quam

148 2347 324 2383 vetustos
348 2340 542 2383 habuerit:
571 2339 645 2379 alia
664 2340 856 2394 quaedam
875 2339 1064 2393 exempla,
1091 2338 1205 2378 huius
1222 2338 1351 2393 paullo
1370 2340 1497 2386 minus

146 2414 296 2468 similia,
324 2413 499 2457 consulto
528 2412 651 2453 omisi.
704 2411 767 2451 De
795 2414 934 2453 ceteris
960 2411 1023 2453 alii
1050 2411 1234 2452 viderint:
1276 2424 1365 2450 nam
1392 2412 1495 2466 quod

145 2487 238 2544 mihi
255 2487 295 2527 in
313 2490 483 2526 mentem
501 2486 617 2532 venit,
636 2497 706 2536 pro
720 2483 781 2539 his
799 2484 994 2525 vinctus
1006 2495 1181 2523 eas-non
1201 2482 1313 2522 nimis
1327 2481 1495 2543 violenta

1056 2699 1090 2730 ό

1051 2826 1085 2839 ,Δ
