1669 2839
726 93 816 140 wa

107 214 385 257 testamentum,
412 221 488 249 non
503 208 551 247 de
570 222 638 250 sua
658 209 832 249 libertate
855 208 994 248 tuenda
1009 205 1212 262 cogitabat,
1240 209 1307 248 sed
1335 208 1435 262 ιΙιοεε,

105 282 219 325 veluti
246 282 386 320 virtute
411 285 602 334 paratum,
630 280 808 335 sperabat
832 294 997 336 magnae
1025 280 1126 319 laudi
1154 280 1253 319 fore’
1281 281 1331 328 (v.
1358 281 1435 334 98),

103 352 517 410 aofproptereayplane
542 352 805 392 insanus-erat
831 351 1024 394 dicendus,
1077 349 1130 390 lta
1158 349 1436 406 Damasippum

102 423 411 483 philosophatum
440 422 541 471 esse,
569 426 677 472 satis,
705 425 774 464 nisi
801 423 930 472 fallor,
958 429 1130 479 apertum
1158 429 1228 463 est.
1282 422 1437 462 Debent

102 499 216 557 igitur
240 495 369 536 haec:
390 493 539 549 1‘credo.
554 496 805 537 hocstaberi
832 496 1253 557 prudentem-animum
1280 494 1437 536 vidisse'

102 568 327 612 sententiam
353 568 547 611 continere
573 568 803 610 contrariam
822 567 872 615 ei,·
894 580 994 621 quae
1011 580 1112 606 nunc
1126 568 1275 607 videtur
1300 569 1436 607 inesse.

104 643 239 682 Potest
260 639 299 679 id
319 640 472 693 quidem
492 639 670 679 facillime
697 639 805 685 effici,
833 639 875 686 si,
902 639 1006 693 quod
1033 644 1185 679 veteres
1210 640 1438 693 interpretes
1475 684 1477 686 v

72 712 74 715 ’
101 723 304 769 perperam
330 711 378 752 de
400 709 495 751 *solis
529 706 727 753 vocabulis
753 711 811 751 his
857 705 1102 765 ⁴prudentem
1144 710 1327 751 animum'
1355 725 1438 751 mo-

102 789 277 831 nuerunt,
305 797 350 822 ea
367 782 582 837 εἰρωνικῶς
609 784 715 823 dicta
729 796 825 831 esse,
853 783 901 822 ad
911 782 1298 823 'totum-enuntiatum
1317 789 1439 822 trans-

102 856 276 897 ferinms:
316 856 436 896 fateor
462 861 601 904 tamen,
636 855 750 896 istud,
772 851 977 910 εἰρωνείας
1000 868 1121 910 genus
1149 867 1273 910 neque
1301 869 1370 910 per
1397 868 1438 894 se

103 929 227 983 ipsu-m
241 928 448 968 iucundum
475 922 569 976 esse,
597 942 722 983 neque
739 927 1012 982 liberrimigoris
1038 927 1190 975 homini,
1218 926 1339 981 qualis
1358 926 1439 966 Da·

103 1002 302 1055 masippus
326 1001 407 1049 fuit,
435 1000 768 1042 accommodatum
795 1000 926 1040 videri.
964 999 1188 1040 Praestabit
1212 999 1338 1054 igitur,
1365 996 1439 1039 hoc

105 1086 259 1128 quoque
286 1072 523 1112 enuntiatum
548 1085 617 1126 per
652 1072 988 1126 interrogationem
1026 1071 1289 1124 pronuntiare,
1317 1071 1368 1109 ita
1397 1076 1439 1109 ut

106 1151 210 1187 totus
236 1145 350 1187 locus
373 1159 423 1185 ex
448 1144 631 1185 hodierna
672 1144 947 1185 consuetudine
973 1144 1031 1184 ita
1051 1144 1131 1184 fere
1167 1144 1437 1199 interpungen-

107 1218 178 1259 dus
205 1219 269 1258 sit:
962 1266 968 1272 ι

207 1290 369 1331 heredes
392 1282 547 1330 ¹Staberi
575 1303 762 1329 summam
789 1289 957 1330 incidere
984 1288 1174 1344 sepulcro,

209 1363 248 1403 ni
275 1363 546 1410 sic-fecissent,
574 1362 840 1417 gladiatorumv
856 1362 946 1402 dare
974 1367 1129 1401 centum

207 1435 373 1475 damnati
398 1434 542 1489 populo
570 1436 674 1490 paria
701 1440 825 1490 atquev
841 1432 997 1488 epulum
1024 1433 1176 1473 arbitrio
1206 1435 1302 1481 Arri,

210 1507 389 1547 frumenti
413 1512 599 1561 quantum
626 1507 734 1546 metit
759 1507 896 1546 Africa.
924 1507 1023 1555 ‘sive
1051 1520 1123 1561 ego
1151 1520 1269 1561 prave

208 1593 278 1619 seu
301 1583 406 1619 recte
432 1577 507 1618 hoc
534 1577 649 1625 volui,
678 1591 726 1617 ne
745 1579 796 1617 sis
814 1583 972 1632 patruus
998 1577 1122 1617 mihil'
1141 1602 1191 1608 —
1210 1579 1326 1619 credo

208 1651 284 1692 hoc
301 1649 453 1691 Staberi
478 1651 704 1705 prudentem
732 1652 898 1691 animum
926 1650 1067 1691 vidisse
1077 1649 1124 1689 Τ.)
1141 1673 1191 1680 -—-
1210 1652 1300 1706 quid
1319 1666 1413 1707 ergo

212 1724 340 1772 sensit,
368 1736 486 1778 quum
513 1736 701 1763 summam
728 1723 930 1778 patrimoni
956 1723 1171 1778 insculpere
1198 1736 1293 1762 saxo

211 1796 373 1837 heredes
400 1793 546 1835 voluit?
566 1796 569 1799 ’

109 1868 371 1924 Damasippus
399 1881 531 1909 secum
565 1874 640 1908 uno
680 1868 856 1923 loquitur.
897 1868 981 1924 lpse
1009 1883 1051 1909 se
1078 1870 1305 1924 interrogat,
1346 1883 1438 1909 num

110 1941 290 1983 credibile
315 1942 375 1990 sit,
403 1952 562 1981 avarum
600 1941 793 1982 hominem
820 1955 893 1982 una
921 1947 1048 1982 tamen
1075 1942 1113 1981 in
1140 1956 1181 1981 re
1210 1941 1438 1996 prudentem

108 2014 240 2054 fuisse:
266 2014 304 2054 id
323 2027 441 2069 quum
468 2012 537 2052 sibi
564 2012 792 2068 persuadere
810 2026 886 2053 non
904 2013 1034 2068 possit,
1061 2026 1191 2053 rursus
1217 2014 1436 2069 interrogat,

110 2086 199 2141 quid
226 2087 379 2127 tandem
405 2086 511 2126 illum
537 2085 710 2125 moverit.
748 2084 846 2125 Eam
873 2086 924 2125 adv
949 2087 1209 2140 quaestionem
1226 2086 1276 2125 ita
1303 2086 1437 2127 deinde

109 2157 325 2213 respondet,
352 2164 394 2200 ut
414 2170 569 2200 ‘summa
589 2157 760 2199 ‘Staberii
784 2159 927 2199 insania
953 2156 1268 2214 deprehendatur.
1321 2157 1438 2200 Cete-

108 2244 194 2270 rum
219 2236 262 2270 ut
287 2231 440 2271 facilius·
460 2238 731 2288 agnosceretur
756 2233 1018 2287 interrogatio,
1059 2230 1238 2270 Horatius
1275 2232 1437 2272 fortasse

109 2303 148 2344 in
174 2316 308 2343 versus
348 2302 517 2345 clausula
553 2318 629 2346 non
664 2304 805 2345 credo
843 2303 1167 2359 scripserat,·sed
1213 2304 1435 2345 credone:

113 2375 299 2417 eiusmodi
337 2377 437 2416 enim
463 2377 634 2431 syllabae
667 2378 705 2416 in
732 2377 805 2417 fine
841 2389 1022 2416 versuum
1050 2381 1089 2415 et
1114 2382 1292 2431 poterant
1326 2377 1435 2417 facile

114 2446 305 2489 obliterari
338 2454 377 2489 et
409 2455 509 2490 sunt*
534 2447 759 2490 obliteratae
789 2449 1019 2504 saepissime.
1066 2446 1205 2504 Neque
1237 2449 1275 2490 id
1308 2454 1434 2490 tamen

113 2531 192 2573 pro-
210 2526 324 2561 certo
341 2522 544 2578 posuerim.
