1669 2839
174 144 274 184 hanc
299 144 339 183 in
360 144 550 188 'extremis
575 144 753 184 carminis
778 143 908 184 verbis
935 143 1014 183 vini
1039 144 1183 191 inme,
1211 152 1332 198 quum
1360 147 1522 191 constet,

174 215 380 258 Horatium
407 217 635 272 simplicium
669 216 826 271 quidem
858 216 1147 264 munditiarum,
1188 220 1227 255 at
1254 215 1524 257 munditiarum

175 293 306 329 tamen
332 288 634 333 amantissimum
661 288 793 329 fuisse.

282 361 406 400 Alium
435 360 492 399 his
518 359 648 399 locum
675 352 834 415 propt&
868 362 1084 415 argumenti
1110 359 1393 399 similitudinem
1422 359 1524 399 subi-

177 444 265 471 cere
287 431 419 478 liceat‚
446 432 484 470 in
511 444 588 485 quo
609 432 703 470 item
722 433 864 472 scenici
883 438 1015 487 gestus
1039 433 1183 472 mentio
1202 431 1254 479 fit,
1278 444 1522 484 quamquam,

177 502 281 556 quod
322 516 517 542 summum
554 503 593 541 in
620 516 665 542 eo
695 509 769 551 est,
811 517 888 544 non
917 509 975 543 est
1001 505 1039 544 in
1066 505 1150 559 ipso
1191 507 1305 558 gestu
1341 501 1520 554 positum.

175 573 215 617 ln
246 574 443 628 praeclara
471 574 534 614 illa
563 576 689 622 satira,
718 590 791 629 qua
820 575 987 615 Tiresias
1011 576 1112 630 apud
1140 575 1283 614 inferos
1302 587 1392 614 cum
1405 571 1520 613 Ulixe

176 646 224 685 de
252 646 468 685 divitiarum
495 644 663 685 fontibus
691 645 941 692 confabulans
967 647 1168 694 inducitur,
1195 646 1296 686 inter
1322 645 1394 684 alia
1413 658 1523 699 prae-

176 723 288 771 cepta
315 723 633 757 testamentorum
661 718 940 770 captandorum
978 718 1067 757 artis
1101 717 1176 757 hoc
1202 717 1355 771 ponitur
1382 721 1451 756 sat.
1480 714 1521 754 ΙΙ.

174 790 211 828 5.
238 789 290 827 90
316 803 416 843 sqq.:

331 859 522 900 difficilem
552 866 590 899 et
617 873 814 899 morosum
847 861 1014 900 offendet
1041 859 1217 914 garrulus
1243 858 1343 899 ultro

331 944 408 971 non
437 932 551 971 etiam
579 930 704 970 sileas.
758 929 896 970 Davus
923 932 974 971 sis
1002 931 1173 971 comicus
1200 935 1316 985 atque

331 1010 410 1043 stes
437 1005 561 1058 capite
589 1003 741 1058 obstipo
769 1003 933 1044 multum
959 1003 1091 1043 similis
1117 1004 1312 1043 metuenti.

173 1076 228 1115 Ita
256 1089 376 1130 quum
394 1075 433 1114 hi
451 1089 588 1115 versus
614 1089 717 1115 nunc
745 1075 806 1115 edi
833 1074 993 1124 soleant,
1020 1088 1160 1130 magna
1187 1080 1246 1114 est
1270 1075 1521 1128 interpretum

174 1149 223 1188 de
251 1146 441 1188 vocabulo
470 1147 596 1187 ultro
625 1148 823 1187 dissensio.
864 1146 939 1186 Alii
967 1148 1067 1187 enim
1095 1145 1235 1187 difficili
1261 1144 1405 1186 homini
1432 1159 1520 1185 eum

173 1220 341 1260 maxime
368 1218 607 1273 displicuisse
634 1219 916 1267 existimarunt,
944 1220 1008 1273 qui
1035 1217 1152 1272 ‘ultro
1181 1216 1374 1273 garrulus'
1399 1222 1519 1257 esset:

173 1297 212 1330 at
237 1291 450 1330 rectissime
477 1295 636 1329 monent
663 1290 742 1337 alii,
769 1290 1013 1344 garrulum
1043 1291 1116 1331 dici
1151 1303 1258 1336 eum,
1299 1290 1364 1343 qui
1390 1288 1517 1328 ultro

171 1363 333 1418 ineptias
352 1362 507 1410 effutiat,
534 1375 660 1415 neque
688 1364 831 1402 morosi
857 1361 1021 1402 hominis
1047 1375 1144 1410 esse,
1172 1375 1241 1402 suo
1261 1363 1368 1402 iussu
1386 1374 1520 1415 quem-

172 1448 288 1488 quam
315 1434 364 1472 ad
392 1432 659 1471 blaterandum
688 1435 866 1472 excitare.
923 1434 995 1472 Alii
1021 1435 1136 1487 igitur
1166 1433 1364 1488 garrulum
1397 1432 1519 1471 homi-

172 1518 262 1544 nem
303 1517 500 1543 morosum
543 1503 660 1556 ‘ultro
703 1504 913 1544 offendere'
955 1510 1206 1545 censuerunt:
1247 1510 1286 1544 at
1321 1504 1386 1558 qui
1424 1502 1519 1543 alios

172 1576 345 1624 offendit,
387 1576 459 1615 nisi
493 1577 591 1615 sorte
625 1576 672 1615 ad
699 1576 735 1616 id
761 1577 888 1630 ipsum
914 1577 1053 1616 missus
1080 1582 1196 1631 atque
1221 1577 1424 1630 instigatus
1451 1580 1520 1622 est,

170 1648 233 1688 vel
261 1648 307 1687 ab
335 1647 408 1687 illis
436 1649 687 1702 provocatur,
715 1661 869 1702 semper
896 1661 963 1687 eos
991 1649 1145 1689 offendit
1171 1649 1315 1696 ultro,
1345 1653 1384 1688 et
1408 1646 1519 1688 facile

169 1719 404 1775 intelligitur,
434 1719 578 1775 duplex
605 1720 667 1759 illa
696 1721 875 1774 exceptio
895 1734 1010 1774 quam
1024 1720 1071 1760 ab
1099 1721 1174 1761 hoc
1200 1720 1288 1761 loco
1316 1719 1439 1759 aliena
1458 1720 1517 1759 sit.

171 1791 408 1831 Probabilior
452 1805 586 1831 eorum
629 1792 756 1845 opinio
792 1797 867 1839 est,
910 1793 973 1846 qui
1007 1792 1104 1832 haec
1138 1792 1254 1845 ‘ultro
1291 1805 1369 1831 non
1403 1792 1517 1830 etiam

169 1856 299 1902 sileas’
328 1864 532 1902 coniuncta
575 1877 643 1917 per
683 1864 1022 1918 interrogationem
1063 1863 1254 1906 efferenda
1293 1863 1517 1904 iudicarunt.

170 1935 367 1973 Eiusmodi
397 1935 498 1974 enim
525 1935 785 1989 interrogatio,
814 1950 912 1989 quae
940 1936 1135 1989 praecepti
1153 1936 1231 1974 vim
1256 1934 1382 1982 habet,
1409 1948 1518 1983 „num

171 2005 432 2059 exspectabis,
474 2006 598 2046 donec
637 2005 701 2045 ille
729 2012 767 2046 te
802 2011 929 2047 tacere
968 2004 1147 2047 iusserit?
1186 2020 1313 2047 nonne
1353 2007 1519 2046 iniussus

169 2079 283 2117 etiam
311 2076 483 2117 silebis?’
523 2092 641 2131 quum
669 2092 739 2131 per
767 2093 809 2118 se
841 2081 922 2133 ipsa
957 2080 1048 2119 satis
1080 2084 1169 2133 apta
1208 2079 1401 2126 videatur,
1440 2092 1517 2118 non

169 2149 279 2189 facile
306 2148 420 2203 plane
448 2149 569 2189 refelli
598 2154 731 2205 posset
757 2149 854 2190 haec
873 2149 1033 2190 Marcilii
1059 2150 1258 2198 sententia,
1285 2150 1356 2189 nisi
1383 2149 1517 2190 funda-

170 2226 298 2260 mento
326 2223 511 2261 niteretur
537 2235 674 2275 parum
701 2222 828 2270 firmo,
857 2223 904 2262 de
932 2235 1008 2276 quo
1037 2236 1130 2261 mox
1156 2221 1383 2262 videbimus.
1438 2218 1516 2259 Re-

168 2291 265 2330 iecta
293 2298 422 2332 tamen
450 2306 507 2339 ea,
534 2306 634 2332 nova
663 2298 822 2332 conatus
851 2298 909 2331 est
936 2292 1120 2340 Orellius,
1149 2294 1214 2347 qui
1241 2291 1313 2331 hac
1340 2290 1416 2329 loci
1444 2291 1515 2329 cir-

167 2363 334 2402 cuitione
361 2366 496 2404 utitur:
526 2378 668 2418 ‘neque
697 2378 789 2403 vero
809 2370 849 2403 tu
869 2364 942 2405 alio
972 2370 1156 2418 tempore,
1184 2378 1273 2404 cum
1299 2362 1363 2403 ille
1386 2367 1515 2403 tecum

166 2434 336 2489 colloqui
364 2436 484 2485 volet,
525 2437 607 2477 sine
633 2435 711 2475 ulla
739 2449 855 2478 causa
894 2439 1105 2478 taciturnus
1134 2436 1203 2483 sis,
1244 2436 1352 2488 quasi
1389 2435 1515 2476 taedio
