1669 2839
775 88 852 141 rso

103 220 107 224 ⁴
146 191 367 260 vereretur,
388 224 437 251 ne
470 222 514 249 ea
538 206 795 262 appellatione
824 207 871 246 de
904 207 1015 247 amici
1038 207 1271 246 auctoritate
1293 210 1497 263 quicquam

146 283 387 332 detraheret,
429 294 547 335 quum
590 293 638 318 ex
672 278 771 333 ipso'
792 280 960 318 carmine
999 279 1267 333 perspiciatur,
1308 283 1497 333 privatum
1515 292 1525 305 ⁵

146 357 360 401 hominem,
387 353 452 406 qui
480 351 663 390 eiusmodi
690 353 790 390 curis
816 350 1105 398 sollicitabatur,
1132 336 1210 390 non
1237 352 1356 390 fuisse
1381 365 1500 392 unum

157 428 204 467 de
232 426 372 466 multis.
428 421 680 461 Revolvimur
705 422 778 462 hac
806 422 1060 475 disputatione
1103 422 1242 462 eodem
1283 423 1380 470 fere,
1419 437 1499 477 quo

157 498 331 554 pervenit
355 493 637 542 Lachmamus,
673 494 738 547 qui
771 506 926 532 carmen
955 505 1053 531 anno
1081 505 1117 530 u.
1142 506 1173 532 c.
1203 494 1280 532 725
1311 494 1497 548 scriptum

145 583 241 608 csse
285 563 491 610 statuebat,
532 565 603 603 nisi
643 564 746 617 quod
786 562 1020 617 probabilius
1058 563 1169 602 nobis
1204 565 1371 612 videtur,
1412 580 1497 605 esse

154 638 246 678 illud
289 649 365 676 uno
408 634 470 674 vel
505 635 656 674 duobus
693 635 801 674 annis
836 638 925 687 post
952 633 1000 672 ad
1026 633 1291 674 Maecenatem
1326 637 1498 676 missum.

158 709 273 758 Quod
300 707 365 760 qui
382 706 562 751 credibile
588 705 779 752 iudicabit,
807 706 909 786 ider}
936 705 1011 744 hoc
1030 707 1144 745 etiam
1172 706 1369 760 intelliget,
1395 707 1499 747 illam

158 777 322 819 elidendi
343 777 551 824 licentiam,
580 791 601 816 a
629 790 705 831 qua
733 777 893 829 profecti
920 789 1073 823 sumu8‚·
1094 777 1140 815 ab
1168 778 1249 831 ipsa
1279 782 1498 830 temporum

158 852 305 889 ratione
333 849 498 902 aliquam
525 855 592 888 aut
619 850 908 888 excusationem
936 848 1077 887 habere
1105 854 1171 887 aut
1198 849 1470 889 defensionem.

257 919 299 960 Si
327 925 432 959 recte
452 934 494 958 se
516 919 711 968 haberent,
740 933 839 974 quae
866 932 968 958 nunc
996 918 1057 957 edi
1084 918 1217 966 solent,
1246 921 1355 974 peius
1383 921 1497 959 etiam

150 1006 244 1031 cum
258 991 378 1030 altero
399 993 521 1030 amico
543 992 685 1045 egisset
698 991 896 1039 Horatius,
915 992 1040 1030 minus
1060 990 1194 1030 illustri
1213 991 1290 1038 illo,
1318 997 1357 1030 at
1376 993 1498 1032 amico

155 1069 301 1103 tamen:
329 1063 413 1116 quis
441 1064 541 1102 enim
561 1068 629 1110 est,
656 1063 746 1117 quin
775 1062 1045 1117 negligentiam
1065 1061 1135 1101 sibi
1155 1062 1357 1117 exprobari
1382 1063 1498 1112 malit,

156 1147 272 1187 quam
287 1135 330 1172 in
349 1133 466 1172 ullam
488 1135 573 1173 furti
590 1140 705 1187 atque
722 1135 976 1187 improbitatis
994 1135 1252 1186 suspicionem
1276 1134 1499 1174 incurrere?

156 1204 336 1259 Scripsit,
364 1205 395 1244 si
420 1204 526 1244 libris
554 1205 820 1259 obsequimur,
848 1206 886 1245 in
919 1206 1029 1260 primi
1055 1202 1139 1244 libri
1167 1204 1327 1258 epistola
1355 1205 1500 1245 duode—

149 1276 256 1317 cima
283 1275 330 1317 ad
357 1275 500 1317 Iccium
526 1276 624 1316 haec
650 1291 686 1316 V.
718 1278 736 1315 l
767 1290 868 1331 sqq.:

337 1348 540 1389 Fructibus
567 1350 759 1404 Agrippae
786 1348 939 1396 Siculis,
966 1362 1063 1402 quos
1091 1349 1251 1403 colligis,
1277 1349 1364 1397 Icci,

289 1473 293 1477 p
340 1422 371 1460 si
400 1426 504 1460 recte
532 1421 679 1467 frueris,
705 1433 782 1459 non
808 1425 878 1467 est,
904 1425 949 1458 ut
977 1420 1088 1473 copia
1115 1422 1236 1460 maior

342 1491 389 1531 ab
418 1489 508 1530 love
536 1491 669 1531 donari
695 1492 818 1545 possit
843 1490 930 1530 tibi:
959 1490 1051 1530 tolle
1070 1491 1258 1545 querelas.

158 1566 219 1605 Ad
246 1564 411 1605 eundem
438 1563 632 1603 hominem
673 1577 792 1617 quum
832 1563 1017 1617 scriptum
1056 1570 1182 1603 exstet
1208 1579 1362 1604 carmen
1391 1566 1501 1619 primi

152 1636 240 1676 libri
282 1635 642 1688 undetrigesimum,
681 1615 900 1687 possumus·
921 1635 1087 1688 aliquam
1122 1636 1171 1674 de
1203 1637 1286 1675 eius
1327 1636 1500 1674 moribus

154 1707 422 1748 coniecturam
461 1719 611 1759 capere.
665 1705 753 1746 Fuit
793 1706 908 1761 igitur
943 1719 992 1746 ex
1025 1719 1073 1746 eo
1113 1706 1311 1747 hominum
1349 1720 1502 1761 genere,

156 1763 323 1835 quorum
350 1792 426 1818 non
455 1791 530 1818 una
559 1784 598 1817 et
625 1781 805 1818 constans
825 1784 884 1818 est
909 1784 1056 1827 natura,
1080 1779 1149 1819 sed
1178 1779 1280 1818 varia
1306 1785 1345 1819 et
1369 1793 1503 1820 seeum

157 1852 240 1905 ipsa
267 1850 425 1897 discors,
451 1851 505 1888 ita
534 1855 576 1889 ut
593 1850 728 1889 incerti
754 1851 853 1889 inter
879 1850 1135 1890 diversissima
1163 1864 1339 1903 quaeque
1365 1851 1504 1890 fluctu-

159 1928 234 1970 ent,
263 1928 302 1962 et
327 1915 554 1976 plerumque
582 1926 648 1959 aut
675 1927 832 1974 sperent
868 1923 978 1961 nimis
1011 1927 1077 1960 aut
1104 1921 1317 1975 desperent.
1371 1921 1504 1975 ltaque

154 2008 278 2049 quum
300 1992 530 2047 magnamin
551 1991 689 2031 divitiis
710 1991 930 2033 felicitatem
949 1992 1113 2046 positam
1135 1994 1382 2041 existimaret,
1401 1993 1504 2033 idem

152 2049 294 2105 tamen*
316 2063 580 2110 intellexerat,
621 2053 697 2102 non
726 2064 959 2117 spernendas
993 2078 1078 2103 esse
1113 2065 1264 2104 divitias
1291 2079 1374 2112 eaS‚
1406 2079 1504 2118 quae

158 2134 488 2192 inv->philosophiae
525 2135 659 2175 studiis
697 2136 875 2175 inessent.
931 2135 1081 2175 Acriter
1115 2135 1229 2190 igitur
1255 2135 1352 2175 haec
1380 2136 1504 2179 studia

158 2207 334 2263 arripuit}
359 2211 399 2246 at
418 2220 536 2261 quum
557 2212 719 2262 putaret,
746 2213 862 2261 posse
880 2220 923 2248 se
940 2206 1101 2247 divitem
1119 2221 1168 2246 ex
1193 2208 1337 2246 oriente
1352 2208 1513 2255 reverti;'

161 2282 193 2321 si
215 2294 305 2320 cum
333 2278 441 2318 Aelio
471 2277 582 2318 Gallo
609 2279 658 2318 ad
677 2272 822 2319 belluin
849 2285 982 2321 contra
1003 2280 1148 2320 Arabas
1174 2279 1388 2333 gerendum
1416 2293 1506 2334 pro-

159 2353 402 2400 ficisceretur,
429 2352 555 2406 priore
574 2350 637 2391 illa
657 2365 726 2405 spe
752 2357 819 2392 aut
845 2352 993 2394 abiecta
1020 2357 1086 2391 aut
1112 2356 1216 2391 certe
1244 2352 1397 2400 omissa,
1415 2350 1505 2393 illue

162 2439 203 2464 se
232 2425 432 2465 convertit.
486 2422 641 2478 Aliquot
669 2423 777 2465 annis
812 2429 901 2478 post
935 2422 1138 2463 bellicosus
1165 2422 1282 2463 homo
1311 2425 1348 2463 in
1376 2423 1506 2463 Sicilia

162 2498 326 2549 ⁶fructus
354 2495 525 2551 colligit’‚
567 2501 605 2535 et
633 2500 678 2535 ut
706 2500 817 2536 antea
856 2496 1125 2543 fluctuaverat,
1165 2495 1217 2535 ita
1251 2509 1353 2536 nunc
1391 2495 1507 2535 etiam
