1669 2839
713 90 814 135 1³35?

94 208 266 260 quantus,
282 217 393 244 nune
412 202 571 243 excitari
587 200 712 260 solet,
753 200 815 240 vel
849 200 968 241 audiri
1005 202 1175 255 potuisse
1203 203 1422 243 videantur.'

92 275 236 316 Dubito
272 275 401 328 igitur,
443 287 535 313 num
560 273 650 312 satis
678 277 790 311 caute
818 272 1055 312 Graecorum
1082 273 1264 312 aot-istum
1290 275 1328 312 in
1355 287 1422 313 eos

91 347 309 394 versus‚·de
327 345 463 400 quibus
492 344 739 398 disputamus,
767 344 1041 384 transtulerint:
1070 351 1127 384 est
1146 346 1247 384 enim
1272 344 1421 384 illorum

92 420 278 461 sententia
304 419 356 457 ita
395 415 575 470 simplex,
616 417 797 473 ut·etiam
825 431 846 456 a
875 417 1038 457 dictione
1073 418 1206 456 omnia,
1238 417 1423 456 eiusmodi

91 489 246 529 artificia
285 489 420 528 abesse
460 486 670 527 debuerint.
722 486 860 541 Neque
886 494 1015 527 tamen
1042 488 1229 528 obstinate
1254 490 1430 543 refraga-

91 575 163 609 rer,
190 562 232 609 si,
260 560 439 613 adoptata
464 557 526 598 illa
554 560 875 613 interpretatione,
911 554 1056 614 reliqua
1082 565 1186 599 recte
1212 561 1423 614 procedere

91 632 353 685 intelligerem.
396 630 508 681 Quod
533 631 686 685 quidem
712 645 825 671 secus
851 632 1011 671 videtur.
1056 630 1159 682 Nam
1178 632 1281 686 quod
1307 633 1423 680 aiunt,

91 702 276 757 populum
294 702 364 746 >hic
392 717 437 742 ea
463 703 606 742 evitare
632 698 755 757 ipsam
784 703 867 751 dici,
900 718 999 757 quae
1027 709 1069 743 ut
1095 704 1140 743 ab
1169 703 1252 743 aliis
1278 705 1424 743 eviten—

92 780 158 814 tur.
180 775 307 824 faciat,
344 775 546 814 iterumin
573 775 854 830 simplicissimo
882 775 969 815 loco
998 776 1046 816 ad
1072 777 1211 830 poetici
1238 776 1424 815 sermonis

90 848 281 891 licentiam
301 852 532 900 ¹provocant,
570 846 739 901 illudque
780 847 978 887 artificium
1014 847 1061 888 ad
1099 848 1425 901 interpretandum

93 918 282 966 adhibent,
312 931 387 972 quo
406 916 531 957 Latini
558 924 696 972 poetae
721 919 759 957 in
787 919 983 958 adiectivis
1012 920 1232 973 saepissime
1257 923 1424 979 utuntur,

92 996 130 1030 at
156 991 271 1046 longe
312 990 431 1029 rarius
456 991 503 1029 *in
540 991 677 1030 ceteris
717 990 992 1032 vocabulorum
1032 991 1245 1046 generibus.
1299 992 1425 1046 Atque

93 1064 253 1103 vertitur
280 1075 429 1101 summa
457 1063 511 1100 rei
538 1063 575 1101 in
601 1063 684 1116 ipso
726 1063 856 1112 verbo,
892 1078 967 1116 quo
1010 1064 1187 1117 equidem
1214 1063 1425 1110 Horatium,

92 1147 219 1186 quum.
237 1133 447 1172 dearbore
475 1134 618 1172 diceret
635 1134 674 1172 in
700 1133 818 1173 limite
846 1136 926 1189 agri
953 1136 1087 1188 posita,
1116 1136 1180 1173 vix
1205 1134 1326 1173 ullum
1345 1136 1426 1187 opi-

92 1219 162 1244 nor
189 1205 314 1244 minus
356 1210 488 1259 aptum
529 1206 700 1245 invenire
740 1209 923 1260 potuisse.
976 1205 1200 1260 Refugimus
1241 1208 1342 1245 enim
1370 1221 1425 1253 ea,

93 1291 190 1331 quae
217 1276 337 1316 nobis.
355 1282 432 1315 tam
460 1289 536 1315 non
562 1277 727 1317 iucunda
755 1284 854 1326 sunt,
882 1284 924 1318 ut
950 1280 993 1318 iis
1020 1292 1091 1318 nos
1117 1277 1425 1317 subducerecu-

92 1352 261 1403 piamus:
292 1349 433 1403 refugit
460 1354 568 1402 pater
595 1348 658 1388 filii
684 1351 846 1404 nuptiaS,
875 1365 993 1404 quum
1020 1350 1166 1389 mavult
1192 1356 1350 1404 paterno
1381 1364 1425 1388 ea

90 1423 127 1460 in
153 1436 195 1460 re
223 1420 347 1460 officio
374 1435 416 1460 se
444 1421 669 1469 subducere,
697 1436 811 1476 quam
838 1423 1024 1476 patienter
1050 1422 1133 1461 illas
1159 1424 1270 1470 ferre,
1304 1428 1427 1461 recte-

92 1508 165 1547 que
181 1492 437 1546 .Vergilianus
465 1493 623 1531 Aeneas*
644 1492 700 1543 (II.
724 1494 784 1543 12)
811 1493 907 1533 haec
935 1494 1042 1533 dicit:
1072 1507 1321 1547 2quamquam
1349 1495 1425 1532 ani-

91 1580 177 1604 mus
194 1564 414 1604 meminisse
432 1564 562 1602 horret
580 1564 762 1617 luctuque
790 1565 939 1618 refugit,
965 1565 1174 1617 incipiam’:
1202 1570 1305 1603 totus
1324 1567 1425 1603 enim

92 1638 185 1677 eius.
201 1637 348 1679 animus
365 1636 403 1674 in
423 1636 607 1689 seipsum
633 1648 673 1673 se
701 1634 1039 1689 contrahitneque
1066 1634 1149 1674 vult
1175 1636 1223 1675 ad
1249 1637 1425 1677 narrandi

95 1708 261 1748 officium
301 1707 498 1747 accedere.
554 1707 632 1746 lam
674 1706 770 1746 haee
806 1707 969 1746 transfer
993 1708 1031 1746 in
1057 1707 1291 1747 limitaneam
1323 1707 1426 1747 illam

74 1777 295 1833 populum:
323 1777 480 1817 habebis
509 1778 685 1818 arborem
703 1779 754 1817 ita
781 1780 885 1832 pacis
913 1784 1115 1825 amantem,
1145 1784 1186 1818 ut
1204 1778 1310 1818 malit
1328 1779 1427 1818 radi-

93 1852 189 1890 citus
217 1852 397 1890 aliorsum
415 1851 696 1903 transmigrare,
711 1863 837 1904 -quam
856 1851 1066 1890 vicinorum
1083 1851 1213 1905 iurgiis
1231 1852 1424 1890 interesse.

95 1922 148 1961 Et
174 1924 280 1975 quid,
322 1937 483 1976 quaeso,
511 1923 729 1976 perversius
757 1927 831 1968 est,
859 1937 972 1975 quam
1001 1936 1046 1960 ea
1074 1922 1120 1960 de
1148 1921 1300 1969 arbore,
1328 1936 1425 1975 quae

98 1999 258 2047 propter.
280 1995 318 2034 id
344 1995 470 2048 ipsum
496 1994 683 2040 laudatur,
712 1993 814 2047 quod
842 1994 1000 2034 immota
1020 2008 1087 2033 sua
1105 1993 1254 2033 insede
1275 2000 1426 2034 maneat

97 2069 134 2101 et
160 2078 228 2116 pro
250 2068 509 2114 terminosit,
537 2066 574 2106 id
601 2066 839 2120 praedicare,
874 2067 977 2120 quod
1006 2072 1128 2106 totum
1157 2072 1214 2106 est
1240 2068 1278 2106 in
1305 2073 1425 2106 retro-

95 2135 213 2189 grado
241 2142 348 2176 motu
375 2137 569 2192 positum?
595 2138 664 2178 His
691 2138 815 2178 causis
842 2138 1024 2187 adducor,
1052 2145 1094 2179 ut
1120 2139 1194 2178 tale
1214 2139 1353 2193 aliquid
1378 2139 1424 2178 ab

96 2206 255 2246 Horatio
270 2208 381 2247 scribi
401 2212 569 2262 potuisse
587 2225 742 2264 negem:
772 2224 966 2264 quumque
985 2213 1064 2266 ipsa
1083 2212 1265 2250 librorum
1285 2212 1428 2250 discre-

96 2279 223 2332 pantia
242 2277 366 2317 levem
382 2280 545 2331 quidem,
574 2282 641 2320 sed
657 2282 821 2336 aliquam
841 2289 968 2322 tamen
987 2284 1241 2336 suspicionem
1261 2288 1425 2329 moveat,

100 2350 362 2390 emendatione
391 2364 411 2389 e
440 2365 554 2414 carm.
579 2352 634 2393 Ill,
662 2353 698 2392 3.
724 2355 775 2393 28
805 2356 973 2410 repetita,
1001 2355 1127 2395 locum
1156 2356 1205 2394 ita
1235 2356 1423 2408 corrigen-

98 2420 188 2460 dum
217 2436 301 2462 esse
328 2421 505 2462 arbitror:
