<?xml version="1.0" encoding="UTF-8"?>
<!DOCTYPE html PUBLIC "-//W3C//DTD XHTML 1.0 Transitional//EN"
    "http://www.w3.org/TR/xhtml1/DTD/xhtml1-transitional.dtd">
<html xmlns="http://www.w3.org/1999/xhtml" xml:lang="en" lang="en">
 <head>
  <title>
</title>
<meta http-equiv="Content-Type" content="text/html;charset=utf-8" />
  <meta name='ocr-system' content='tesseract 3.04.00' />
  <meta name='ocr-capabilities' content='ocr_page ocr_carea ocr_par ocr_line ocrx_word'/>
</head>
<body>
  <div class='ocr_page' id='page_1' title='image "./4738087_0018.png"; bbox 0 0 1669 2839; ppageno 0'>
   <div class='ocr_carea' id='block_1_1' title="bbox 653 0 868 124">
    <p class='ocr_par' dir='ltr' id='par_1_1' title="bbox 653 0 868 124">
     <span class='ocr_line' id='line_1_1' title="bbox 653 0 820 47; baseline 0 -16"><span class='ocrx_word' id='word_1_1' title='bbox 653 0 820 47; x_wconf 48' lang='lat' dir='ltr'>*w</span> 
     </span>
     <span class='ocr_line' id='line_1_2' title="bbox 841 82 868 124; baseline 0 0"><span class='ocrx_word' id='word_1_2' title='bbox 841 82 868 124; x_wconf 80' lang='lat' dir='ltr'>&#39;t&#39;</span> 
     </span>
    </p>
   </div>
   <div class='ocr_carea' id='block_1_2' title="bbox 169 191 1579 2520">
    <p class='ocr_par' dir='ltr' id='par_1_2' title="bbox 175 191 1524 1101">
     <span class='ocr_line' id='line_1_3' title="bbox 180 191 1524 247; baseline -0.002 -11"><span class='ocrx_word' id='word_1_3' title='bbox 180 214 239 240; x_wconf 76' lang='lat' dir='ltr'>ex.</span> <span class='ocrx_word' id='word_1_4' title='bbox 258 208 335 236; x_wconf 78' lang='lat' dir='ltr'>uno</span> <span class='ocrx_word' id='word_1_5' title='bbox 357 192 426 234; x_wconf 85' lang='lat' dir='ltr'>illo</span> <span class='ocrx_word' id='word_1_6' title='bbox 454 193 570 232; x_wconf 84' lang='lat' dir='ltr'>ducta</span> <span class='ocrx_word' id='word_1_7' title='bbox 590 191 651 234; x_wconf 78' lang='lat' dir='ltr'>vel</span> <span class='ocrx_word' id='word_1_8' title='bbox 666 193 714 232; x_wconf 87' lang='lat' dir='ltr'>ad</span> <span class='ocrx_word' id='word_1_9' title='bbox 730 193 841 232; x_wconf 87' lang='lat' dir='ltr'>unius</span> <span class='ocrx_word' id='word_1_10' title='bbox 856 204 1036 231; x_wconf 80' lang='lat' dir='ltr'>normam</span> <span class='ocrx_word' id='word_1_11' title='bbox 1064 196 1200 231; x_wconf 82' lang='lat' dir='ltr'>exacta</span> <span class='ocrx_word' id='word_1_12' title='bbox 1229 204 1324 239; x_wconf 83' lang='lat' dir='ltr'>esse,</span> <span class='ocrx_word' id='word_1_13' title='bbox 1353 205 1396 231; x_wconf 89' lang='lat' dir='ltr'>ea</span> <span class='ocrx_word' id='word_1_14' title='bbox 1410 206 1524 247; x_wconf 87' lang='lat' dir='ltr'>prae·</span> 
     </span>
     <span class='ocr_line' id='line_1_4' title="bbox 181 262 1523 318; baseline -0.003 -10"><span class='ocrx_word' id='word_1_15' title='bbox 181 269 311 309; x_wconf 80' lang='lat' dir='ltr'>sertim</span> <span class='ocrx_word' id='word_1_16' title='bbox 339 271 475 311; x_wconf 84' lang='lat' dir='ltr'>aetate,</span> <span class='ocrx_word' id='word_1_17' title='bbox 504 277 580 318; x_wconf 83' lang='lat' dir='ltr'>qua</span> <span class='ocrx_word' id='word_1_18' title='bbox 606 269 665 304; x_wconf 86' lang='lat' dir='ltr'>tot</span> <span class='ocrx_word' id='word_1_19' title='bbox 690 264 972 317; x_wconf 82' lang='lat' dir='ltr'>antiquissimos</span> <span class='ocrx_word' id='word_1_20' title='bbox 998 262 1115 302; x_wconf 92' lang='lat' dir='ltr'>libros</span> <span class='ocrx_word' id='word_1_21' title='bbox 1133 263 1172 301; x_wconf 88' lang='lat' dir='ltr'>in</span> <span class='ocrx_word' id='word_1_22' title='bbox 1200 262 1374 302; x_wconf 85' lang='lat' dir='ltr'>manibus</span> <span class='ocrx_word' id='word_1_23' title='bbox 1400 264 1523 304; x_wconf 88' lang='lat' dir='ltr'>homi—</span> 
     </span>
     <span class='ocr_line' id='line_1_5' title="bbox 179 332 1519 389; baseline -0.004 -10"><span class='ocrx_word' id='word_1_24' title='bbox 179 353 271 379; x_wconf 91' lang='lat' dir='ltr'>num</span> <span class='ocrx_word' id='word_1_25' title='bbox 290 339 406 377; x_wconf 84' lang='lat' dir='ltr'>fuisse</span> <span class='ocrx_word' id='word_1_26' title='bbox 427 339 728 375; x_wconf 86' lang='lat' dir='ltr'>consentaneum</span> <span class='ocrx_word' id='word_1_27' title='bbox 749 340 818 374; x_wconf 88' lang='lat' dir='ltr'>est.</span> <span class='ocrx_word' id='word_1_28' title='bbox 850 333 1008 376; x_wconf 88' lang='lat' dir='ltr'>Videtur</span> <span class='ocrx_word' id='word_1_29' title='bbox 1029 347 1122 374; x_wconf 88' lang='lat' dir='ltr'>sane</span> <span class='ocrx_word' id='word_1_30' title='bbox 1131 332 1321 373; x_wconf 87' lang='lat' dir='ltr'>Horatius</span> <span class='ocrx_word' id='word_1_31' title='bbox 1339 333 1519 389; x_wconf 76' lang='lat' dir='ltr'>singulari</span> 
     </span>
     <span class='ocr_line' id='line_1_6' title="bbox 178 404 1520 459; baseline -0.003 -11"><span class='ocrx_word' id='word_1_32' title='bbox 178 414 279 448; x_wconf 85' lang='lat' dir='ltr'>sorte</span> <span class='ocrx_word' id='word_1_33' title='bbox 307 421 398 447; x_wconf 87' lang='lat' dir='ltr'>usus</span> <span class='ocrx_word' id='word_1_34' title='bbox 426 419 523 453; x_wconf 83' lang='lat' dir='ltr'>esse,</span> <span class='ocrx_word' id='word_1_35' title='bbox 551 419 650 458; x_wconf 86' lang='lat' dir='ltr'>quae</span> <span class='ocrx_word' id='word_1_36' title='bbox 676 404 798 458; x_wconf 90' lang='lat' dir='ltr'>qualis</span> <span class='ocrx_word' id='word_1_37' title='bbox 825 407 939 444; x_wconf 82' lang='lat' dir='ltr'>fuerit</span> <span class='ocrx_word' id='word_1_38' title='bbox 965 420 1041 445; x_wconf 82' lang='lat' dir='ltr'>non</span> <span class='ocrx_word' id='word_1_39' title='bbox 1075 411 1203 459; x_wconf 83' lang='lat' dir='ltr'>potest</span> <span class='ocrx_word' id='word_1_40' title='bbox 1234 406 1520 445; x_wconf 78' lang='lat' dir='ltr'>accuratissime</span> 
     </span>
     <span class='ocr_line' id='line_1_7' title="bbox 179 475 1519 521; baseline -0.004 0"><span class='ocrx_word' id='word_1_41' title='bbox 179 481 251 521; x_wconf 80' lang='lat' dir='ltr'>dici</span> <span class='ocrx_word' id='word_1_42' title='bbox 280 480 316 519; x_wconf 91' lang='lat' dir='ltr'>in</span> <span class='ocrx_word' id='word_1_43' title='bbox 345 483 448 518; x_wconf 81' lang='lat' dir='ltr'>tanta</span> <span class='ocrx_word' id='word_1_44' title='bbox 474 475 808 517; x_wconf 81' lang='lat' dir='ltr'>rei·0bscuritate:</span> <span class='ocrx_word' id='word_1_45' title='bbox 843 481 933 516; x_wconf 90' lang='lat' dir='ltr'>sunt</span> <span class='ocrx_word' id='word_1_46' title='bbox 959 482 1087 516; x_wconf 88' lang='lat' dir='ltr'>tamen</span> <span class='ocrx_word' id='word_1_47' title='bbox 1112 477 1150 515; x_wconf 92' lang='lat' dir='ltr'>in</span> <span class='ocrx_word' id='word_1_48' title='bbox 1178 476 1260 515; x_wconf 90' lang='lat' dir='ltr'>eius</span> <span class='ocrx_word' id='word_1_49' title='bbox 1286 477 1411 516; x_wconf 88' lang='lat' dir='ltr'>satiris</span> <span class='ocrx_word' id='word_1_50' title='bbox 1438 489 1519 515; x_wconf 90' lang='lat' dir='ltr'>ma-</span> 
     </span>
     <span class='ocr_line' id='line_1_8' title="bbox 177 546 1517 602; baseline -0.001 -13"><span class='ocrx_word' id='word_1_51' title='bbox 177 552 281 589; x_wconf 87' lang='lat' dir='ltr'>xime</span> <span class='ocrx_word' id='word_1_52' title='bbox 307 555 424 602; x_wconf 87' lang='lat' dir='ltr'>atque</span> <span class='ocrx_word' id='word_1_53' title='bbox 444 548 615 602; x_wconf 89' lang='lat' dir='ltr'>epistolis</span> <span class='ocrx_word' id='word_1_54' title='bbox 635 546 841 585; x_wconf 78' lang='lat' dir='ltr'>nonnullae</span> <span class='ocrx_word' id='word_1_55' title='bbox 862 547 1103 600; x_wconf 76' lang='lat' dir='ltr'><strong>corruptelae</strong></span> <span class='ocrx_word' id='word_1_56' title='bbox 1128 548 1217 585; x_wconf 86' lang='lat' dir='ltr'>satis</span> <span class='ocrx_word' id='word_1_57' title='bbox 1231 553 1386 600; x_wconf 87' lang='lat' dir='ltr'>apertae</span> <span class='ocrx_word' id='word_1_58' title='bbox 1401 553 1517 600; x_wconf 89' lang='lat' dir='ltr'>atque</span> 
     </span>
     <span class='ocr_line' id='line_1_9' title="bbox 177 617 1515 674; baseline -0.003 -12"><span class='ocrx_word' id='word_1_59' title='bbox 177 621 284 674; x_wconf 81' lang='lat' dir='ltr'>tales,</span> <span class='ocrx_word' id='word_1_60' title='bbox 312 626 354 659; x_wconf 83' lang='lat' dir='ltr'>ut</span> <span class='ocrx_word' id='word_1_61' title='bbox 381 620 445 659; x_wconf 89' lang='lat' dir='ltr'>vix</span> <span class='ocrx_word' id='word_1_62' title='bbox 473 620 674 659; x_wconf 89' lang='lat' dir='ltr'>videantur</span> <span class='ocrx_word' id='word_1_63' title='bbox 700 618 883 673; x_wconf 88' lang='lat' dir='ltr'>explicari</span> <span class='ocrx_word' id='word_1_64' title='bbox 909 631 1037 672; x_wconf 82' lang='lat' dir='ltr'>posse,</span> <span class='ocrx_word' id='word_1_65' title='bbox 1065 619 1136 658; x_wconf 88' lang='lat' dir='ltr'>nisi</span> <span class='ocrx_word' id='word_1_66' title='bbox 1163 623 1319 666; x_wconf 62' lang='lat' dir='ltr'>statum,</span> <span class='ocrx_word' id='word_1_67' title='bbox 1345 618 1396 656; x_wconf 86' lang='lat' dir='ltr'>ita</span> <span class='ocrx_word' id='word_1_68' title='bbox 1425 617 1515 658; x_wconf 86' lang='lat' dir='ltr'>olim</span> 
     </span>
     <span class='ocr_line' id='line_1_10' title="bbox 176 683 1515 743; baseline -0.001 -12"><span class='ocrx_word' id='word_1_69' title='bbox 176 694 214 731; x_wconf 89' lang='lat' dir='ltr'>in</span> <span class='ocrx_word' id='word_1_70' title='bbox 241 705 317 731; x_wconf 89' lang='lat' dir='ltr'>uno</span> <span class='ocrx_word' id='word_1_71' title='bbox 345 691 472 743; x_wconf 87' lang='lat' dir='ltr'>aliquo</span> <span class='ocrx_word' id='word_1_72' title='bbox 513 690 608 728; x_wconf 91' lang='lat' dir='ltr'>libro</span> <span class='ocrx_word' id='word_1_73' title='bbox 650 683 875 743; x_wconf 87' lang='lat' dir='ltr'>perantiquo</span> <span class='ocrx_word' id='word_1_74' title='bbox 904 694 1070 728; x_wconf 79' lang='lat' dir='ltr'>&#39;erratum</span> <span class='ocrx_word' id='word_1_75' title='bbox 1100 690 1216 728; x_wconf 85' lang='lat' dir='ltr'>fuisse</span> <span class='ocrx_word' id='word_1_76' title='bbox 1244 702 1390 742; x_wconf 83' lang='lat' dir='ltr'>eosque</span> <span class='ocrx_word' id='word_1_77' title='bbox 1411 703 1515 729; x_wconf 86' lang='lat' dir='ltr'>erro-</span> 
     </span>
     <span class='ocr_line' id='line_1_11' title="bbox 176 760 1514 815; baseline -0.002 -12"><span class='ocrx_word' id='word_1_78' title='bbox 176 777 238 803; x_wconf 90' lang='lat' dir='ltr'>res</span> <span class='ocrx_word' id='word_1_79' title='bbox 265 761 495 802; x_wconf 87' lang='lat' dir='ltr'>hereditario</span> <span class='ocrx_word' id='word_1_80' title='bbox 524 760 692 815; x_wconf 89' lang='lat' dir='ltr'>quodam</span> <span class='ocrx_word' id='word_1_81' title='bbox 717 761 799 801; x_wconf 90' lang='lat' dir='ltr'>iure</span> <span class='ocrx_word' id='word_1_82' title='bbox 826 761 914 801; x_wconf 93' lang='lat' dir='ltr'>inde</span> <span class='ocrx_word' id='word_1_83' title='bbox 941 765 1174 815; x_wconf 73' lang='lat' dir='ltr'>propagatos</span> <span class='ocrx_word' id='word_1_84' title='bbox 1202 773 1299 808; x_wconf 88' lang='lat' dir='ltr'>esse,</span> <span class='ocrx_word' id='word_1_85' title='bbox 1333 760 1441 800; x_wconf 76' lang='lat' dir='ltr'>cuius</span> <span class='ocrx_word' id='word_1_86' title='bbox 1459 762 1514 801; x_wconf 87' lang='lat' dir='ltr'>rei</span> 
     </span>
     <span class='ocr_line' id='line_1_12' title="bbox 175 831 1513 886; baseline -0.001 -13"><span class='ocrx_word' id='word_1_87' title='bbox 175 832 352 886; x_wconf 77' lang='lat' dir='ltr'>exempla</span> <span class='ocrx_word' id='word_1_88' title='bbox 374 837 508 884; x_wconf 90' lang='lat' dir='ltr'>postea</span> <span class='ocrx_word' id='word_1_89' title='bbox 529 844 550 869; x_wconf 89' lang='lat' dir='ltr'>a</span> <span class='ocrx_word' id='word_1_90' title='bbox 572 831 682 870; x_wconf 92' lang='lat' dir='ltr'>nobis</span> <span class='ocrx_word' id='word_1_91' title='bbox 702 833 916 871; x_wconf 86' lang='lat' dir='ltr'>afferentur.</span> <span class='ocrx_word' id='word_1_92' title='bbox 953 832 1001 869; x_wconf 78' lang='lat' dir='ltr'>At</span> <span class='ocrx_word' id='word_1_93' title='bbox 1021 831 1095 870; x_wconf 91' lang='lat' dir='ltr'>hoc</span> <span class='ocrx_word' id='word_1_94' title='bbox 1116 832 1268 885; x_wconf 90' lang='lat' dir='ltr'>quidem</span> <span class='ocrx_word' id='word_1_95' title='bbox 1289 845 1365 871; x_wconf 86' lang='lat' dir='ltr'>non</span> <span class='ocrx_word' id='word_1_96' title='bbox 1386 834 1513 880; x_wconf 87' lang='lat' dir='ltr'>credo,</span> 
     </span>
     <span class='ocr_line' id='line_1_13' title="bbox 175 900 1513 958; baseline 0.001 -15"><span class='ocrx_word' id='word_1_97' title='bbox 175 909 263 958; x_wconf 86' lang='lat' dir='ltr'>post</span> <span class='ocrx_word' id='word_1_98' title='bbox 287 903 382 942; x_wconf 88' lang='lat' dir='ltr'>illud</span> <span class='ocrx_word' id='word_1_99' title='bbox 409 901 593 949; x_wconf 89' lang='lat' dir='ltr'>seculum,</span> <span class='ocrx_word' id='word_1_100' title='bbox 622 915 698 955; x_wconf 92' lang='lat' dir='ltr'>quo</span> <span class='ocrx_word' id='word_1_101' title='bbox 715 900 925 942; x_wconf 87' lang='lat' dir='ltr'>Mavortius</span> <span class='ocrx_word' id='word_1_102' title='bbox 947 902 1052 949; x_wconf 85' lang='lat' dir='ltr'>vixit,</span> <span class='ocrx_word' id='word_1_103' title='bbox 1080 916 1160 941; x_wconf 91' lang='lat' dir='ltr'>rem</span> <span class='ocrx_word' id='word_1_104' title='bbox 1188 915 1357 956; x_wconf 87' lang='lat' dir='ltr'>unquam</span> <span class='ocrx_word' id='word_1_105' title='bbox 1376 916 1425 944; x_wconf 91' lang='lat' dir='ltr'>eo</span> <span class='ocrx_word' id='word_1_106' title='bbox 1445 904 1513 944; x_wconf 81' lang='lat' dir='ltr'>ad-</span> 
     </span>
     <span class='ocr_line' id='line_1_14' title="bbox 175 972 1512 1026; baseline -0.001 -12"><span class='ocrx_word' id='word_1_107' title='bbox 175 975 330 1014; x_wconf 90' lang='lat' dir='ltr'>ductam</span> <span class='ocrx_word' id='word_1_108' title='bbox 358 986 455 1020; x_wconf 89' lang='lat' dir='ltr'>esse,</span> <span class='ocrx_word' id='word_1_109' title='bbox 484 978 525 1011; x_wconf 89' lang='lat' dir='ltr'>ut</span> <span class='ocrx_word' id='word_1_110' title='bbox 545 987 642 1011; x_wconf 89' lang='lat' dir='ltr'>unus</span> <span class='ocrx_word' id='word_1_111' title='bbox 669 972 731 1011; x_wconf 91' lang='lat' dir='ltr'>vel</span> <span class='ocrx_word' id='word_1_112' title='bbox 760 973 836 1012; x_wconf 93' lang='lat' dir='ltr'>duo</span> <span class='ocrx_word' id='word_1_113' title='bbox 857 972 1006 1012; x_wconf 79' lang='lat' dir='ltr'>Horatii</span> <span class='ocrx_word' id='word_1_114' title='bbox 1024 973 1177 1012; x_wconf 90' lang='lat' dir='ltr'>codices</span> <span class='ocrx_word' id='word_1_115' title='bbox 1201 973 1303 1026; x_wconf 90' lang='lat' dir='ltr'>iique</span> <span class='ocrx_word' id='word_1_116' title='bbox 1319 987 1340 1011; x_wconf 96' lang='lat' dir='ltr'>e</span> <span class='ocrx_word' id='word_1_117' title='bbox 1361 972 1512 1013; x_wconf 87' lang='lat' dir='ltr'>Mavor-</span> 
     </span>
     <span class='ocr_line' id='line_1_15' title="bbox 175 1043 1520 1101; baseline 0 -16"><span class='ocrx_word' id='word_1_118' title='bbox 175 1046 276 1085; x_wconf 84' lang='lat' dir='ltr'>tiano</span> <span class='ocrx_word' id='word_1_119' title='bbox 306 1044 486 1098; x_wconf 75' lang='lat' dir='ltr'>descripti</span> <span class='ocrx_word' id='word_1_120' title='bbox 513 1049 747 1097; x_wconf 79' lang='lat' dir='ltr'>superarent,</span> <span class='ocrx_word' id='word_1_121' title='bbox 774 1044 825 1082; x_wconf 86' lang='lat' dir='ltr'>ita</span> <span class='ocrx_word' id='word_1_122' title='bbox 853 1049 895 1083; x_wconf 87' lang='lat' dir='ltr'>ut</span> <span class='ocrx_word' id='word_1_123' title='bbox 921 1043 1061 1083; x_wconf 89' lang='lat' dir='ltr'>librarii</span> <span class='ocrx_word' id='word_1_124' title='bbox 1083 1045 1197 1083; x_wconf 86' lang='lat' dir='ltr'>etiam</span> <span class='ocrx_word' id='word_1_125' title='bbox 1225 1044 1330 1083; x_wconf 90' lang='lat' dir='ltr'>inviti</span> <span class='ocrx_word' id='word_1_126' title='bbox 1358 1044 1520 1101; x_wconf 64' lang='grc' dir='ltr'>Μιινοζ-ι</span> 
     </span>
    </p>

    <p class='ocr_par' dir='ltr' id='par_1_3' title="bbox 169 1103 1579 2520">
     <span class='ocr_line' id='line_1_16' title="bbox 175 1103 1579 1171; baseline 0.001 -16"><span class='ocrx_word' id='word_1_127' title='bbox 175 1119 267 1155; x_wconf 91' lang='lat' dir='ltr'>tium</span> <span class='ocrx_word' id='word_1_128' title='bbox 295 1117 403 1169; x_wconf 82' lang='lat' dir='ltr'>sequi</span> <span class='ocrx_word' id='word_1_129' title='bbox 430 1115 623 1154; x_wconf 86' lang='lat' dir='ltr'>deberent.</span> <span class='ocrx_word' id='word_1_130' title='bbox 681 1114 918 1154; x_wconf 68' lang='lat' dir='ltr'>probabilius</span> <span class='ocrx_word' id='word_1_131' title='bbox 945 1117 1081 1155; x_wconf 89' lang='lat' dir='ltr'>coniici</span> <span class='ocrx_word' id='word_1_132' title='bbox 1118 1117 1255 1169; x_wconf 80' lang='lat' dir='ltr'>possit,</span> <span class='ocrx_word' id='word_1_133' title='bbox 1290 1131 1365 1156; x_wconf 89' lang='lat' dir='ltr'>non</span> <span class='ocrx_word' id='word_1_134' title='bbox 1399 1118 1511 1171; x_wconf 89' lang='lat' dir='ltr'>plane</span> <span class='ocrx_word' id='word_1_135' title='bbox 1574 1103 1579 1109; x_wconf 37' lang='grc' dir='ltr'>Ι</span> 
     </span>
     <span class='ocr_line' id='line_1_17' title="bbox 174 1185 1512 1240; baseline 0.001 -14"><span class='ocrx_word' id='word_1_136' title='bbox 174 1187 292 1233; x_wconf 91' lang='lat' dir='ltr'>idem,</span> <span class='ocrx_word' id='word_1_137' title='bbox 334 1191 373 1223; x_wconf 83' lang='lat' dir='ltr'>at</span> <span class='ocrx_word' id='word_1_138' title='bbox 399 1185 551 1223; x_wconf 90' lang='lat' dir='ltr'>simile</span> <span class='ocrx_word' id='word_1_139' title='bbox 586 1185 764 1238; x_wconf 86' lang='lat' dir='ltr'>quiddam</span> <span class='ocrx_word' id='word_1_140' title='bbox 803 1185 995 1238; x_wconf 87' lang='lat' dir='ltr'>aliquanto</span> <span class='ocrx_word' id='word_1_141' title='bbox 1024 1192 1112 1224; x_wconf 92' lang='lat' dir='ltr'>ante</span> <span class='ocrx_word' id='word_1_142' title='bbox 1139 1187 1314 1225; x_wconf 86' lang='lat' dir='ltr'>accidere</span> <span class='ocrx_word' id='word_1_143' title='bbox 1340 1190 1512 1240; x_wconf 90' lang='lat' dir='ltr'>potuisse</span> 
     </span>
     <span class='ocr_line' id='line_1_18' title="bbox 172 1255 1511 1309; baseline 0.004 -14"><span class='ocrx_word' id='word_1_144' title='bbox 172 1259 216 1296; x_wconf 86' lang='lat' dir='ltr'>iis</span> <span class='ocrx_word' id='word_1_145' title='bbox 239 1255 484 1309; x_wconf 82' lang='lat' dir='ltr'>temporibuS‚</span> <span class='ocrx_word' id='word_1_146' title='bbox 512 1256 648 1309; x_wconf 88' lang='lat' dir='ltr'>quibus</span> <span class='ocrx_word' id='word_1_147' title='bbox 670 1262 708 1294; x_wconf 86' lang='lat' dir='ltr'>et</span> <span class='ocrx_word' id='word_1_148' title='bbox 728 1256 923 1295; x_wconf 89' lang='lat' dir='ltr'>literarum</span> <span class='ocrx_word' id='word_1_149' title='bbox 939 1257 1063 1295; x_wconf 83' lang='lat' dir='ltr'>sontes</span> <span class='ocrx_word' id='word_1_150' title='bbox 1086 1257 1297 1309; x_wconf 83' lang='lat' dir='ltr'>permultos</span> <span class='ocrx_word' id='word_1_151' title='bbox 1316 1262 1511 1299; x_wconf 83' lang='lat' dir='ltr'>exaruisse</span> 
     </span>
     <span class='ocr_line' id='line_1_19' title="bbox 174 1325 1511 1379; baseline 0.002 -12"><span class='ocrx_word' id='word_1_152' title='bbox 174 1327 353 1367; x_wconf 81' lang='lat' dir='ltr'>credibile</span> <span class='ocrx_word' id='word_1_153' title='bbox 382 1332 440 1365; x_wconf 91' lang='lat' dir='ltr'>est</span> <span class='ocrx_word' id='word_1_154' title='bbox 465 1332 502 1365; x_wconf 90' lang='lat' dir='ltr'>et</span> <span class='ocrx_word' id='word_1_155' title='bbox 529 1327 632 1379; x_wconf 89' lang='lat' dir='ltr'>ipsos</span> <span class='ocrx_word' id='word_1_156' title='bbox 660 1328 774 1365; x_wconf 85' lang='lat' dir='ltr'>etiam</span> <span class='ocrx_word' id='word_1_157' title='bbox 807 1325 950 1364; x_wconf 90' lang='lat' dir='ltr'>rivulos</span> <span class='ocrx_word' id='word_1_158' title='bbox 979 1327 1139 1365; x_wconf 87' lang='lat' dir='ltr'>rariores</span> <span class='ocrx_word' id='word_1_159' title='bbox 1169 1332 1206 1365; x_wconf 90' lang='lat' dir='ltr'>et</span> <span class='ocrx_word' id='word_1_160' title='bbox 1231 1329 1389 1368; x_wconf 82' lang='lat' dir='ltr'>inventu</span> <span class='ocrx_word' id='word_1_161' title='bbox 1417 1331 1511 1370; x_wconf 86' lang='lat' dir='ltr'>diffi-</span> 
     </span>
     <span class='ocr_line' id='line_1_20' title="bbox 172 1396 1513 1450; baseline 0 -12"><span class='ocrx_word' id='word_1_162' title='bbox 172 1399 322 1439; x_wconf 88' lang='lat' dir='ltr'>ciliores</span> <span class='ocrx_word' id='word_1_163' title='bbox 350 1399 477 1437; x_wconf 85' lang='lat' dir='ltr'>fuisse.</span> <span class='ocrx_word' id='word_1_164' title='bbox 518 1397 648 1450; x_wconf 86' lang='lat' dir='ltr'>ltaque</span> <span class='ocrx_word' id='word_1_165' title='bbox 670 1401 712 1435; x_wconf 93' lang='lat' dir='ltr'>ut</span> <span class='ocrx_word' id='word_1_166' title='bbox 738 1396 827 1435; x_wconf 87' lang='lat' dir='ltr'>nihil</span> <span class='ocrx_word' id='word_1_167' title='bbox 856 1397 979 1436; x_wconf 89' lang='lat' dir='ltr'>dicam</span> <span class='ocrx_word' id='word_1_168' title='bbox 1003 1398 1050 1436; x_wconf 91' lang='lat' dir='ltr'>de</span> <span class='ocrx_word' id='word_1_169' title='bbox 1070 1397 1166 1436; x_wconf 89' lang='lat' dir='ltr'>libro</span> <span class='ocrx_word' id='word_1_170' title='bbox 1189 1397 1390 1446; x_wconf 84' lang='lat' dir='ltr'>Blandinio</span> <span class='ocrx_word' id='word_1_171' title='bbox 1418 1401 1513 1439; x_wconf 86' lang='lat' dir='ltr'>anti-</span> 
     </span>
     <span class='ocr_line' id='line_1_21' title="bbox 172 1468 1511 1523; baseline 0.001 -16"><span class='ocrx_word' id='word_1_172' title='bbox 172 1470 369 1523; x_wconf 85' lang='lat' dir='ltr'>quissimo,</span> <span class='ocrx_word' id='word_1_173' title='bbox 396 1470 460 1522; x_wconf 91' lang='lat' dir='ltr'>qui</span> <span class='ocrx_word' id='word_1_174' title='bbox 490 1470 553 1507; x_wconf 88' lang='lat' dir='ltr'>vix</span> <span class='ocrx_word' id='word_1_175' title='bbox 581 1468 711 1507; x_wconf 88' lang='lat' dir='ltr'>dubito</span> <span class='ocrx_word' id='word_1_176' title='bbox 739 1468 829 1520; x_wconf 92' lang='lat' dir='ltr'>quin</span> <span class='ocrx_word' id='word_1_177' title='bbox 856 1468 938 1520; x_wconf 91' lang='lat' dir='ltr'>ipso</span> <span class='ocrx_word' id='word_1_178' title='bbox 960 1468 1146 1507; x_wconf 85' lang='lat' dir='ltr'>Mavortio</span> <span class='ocrx_word' id='word_1_179' title='bbox 1175 1472 1361 1509; x_wconf 86' lang='lat' dir='ltr'>vetustior</span> <span class='ocrx_word' id='word_1_180' title='bbox 1390 1472 1511 1518; x_wconf 81' lang='lat' dir='ltr'>suerit,</span> 
     </span>
     <span class='ocr_line' id='line_1_22' title="bbox 172 1537 1510 1594; baseline 0.001 -15"><span class='ocrx_word' id='word_1_181' title='bbox 172 1540 339 1593; x_wconf 89' lang='lat' dir='ltr'>reliquos</span> <span class='ocrx_word' id='word_1_182' title='bbox 366 1540 500 1586; x_wconf 85' lang='lat' dir='ltr'>etiam,</span> <span class='ocrx_word' id='word_1_183' title='bbox 541 1540 606 1593; x_wconf 90' lang='lat' dir='ltr'>qui</span> <span class='ocrx_word' id='word_1_184' title='bbox 633 1542 763 1578; x_wconf 80' lang='lat' dir='ltr'>carent</span> <span class='ocrx_word' id='word_1_185' title='bbox 800 1537 861 1576; x_wconf 85' lang='lat' dir='ltr'>illa</span> <span class='ocrx_word' id='word_1_186' title='bbox 898 1538 1097 1577; x_wconf 87' lang='lat' dir='ltr'>clarissimi</span> <span class='ocrx_word' id='word_1_187' title='bbox 1124 1540 1194 1578; x_wconf 75' lang='lat' dir='ltr'>viri</span> <span class='ocrx_word' id='word_1_188' title='bbox 1219 1539 1510 1594; x_wconf 71' lang='lat' dir='ltr'>subscriptione,</span> 
     </span>
     <span class='ocr_line' id='line_1_23' title="bbox 170 1609 1512 1666; baseline 0 -15"><span class='ocrx_word' id='word_1_189' title='bbox 170 1626 247 1666; x_wconf 90' lang='lat' dir='ltr'>quo</span> <span class='ocrx_word' id='word_1_190' title='bbox 276 1612 509 1665; x_wconf 78' lang='lat' dir='ltr'>antiquiores</span> <span class='ocrx_word' id='word_1_191' title='bbox 534 1611 619 1658; x_wconf 80' lang='lat' dir='ltr'>sint,</span> <span class='ocrx_word' id='word_1_192' title='bbox 647 1624 693 1648; x_wconf 92' lang='lat' dir='ltr'>eo</span> <span class='ocrx_word' id='word_1_193' title='bbox 720 1610 877 1663; x_wconf 88' lang='lat' dir='ltr'>propius</span> <span class='ocrx_word' id='word_1_194' title='bbox 906 1609 953 1648; x_wconf 90' lang='lat' dir='ltr'>ad</span> <span class='ocrx_word' id='word_1_195' title='bbox 982 1623 1114 1649; x_wconf 91' lang='lat' dir='ltr'>eorum</span> <span class='ocrx_word' id='word_1_196' title='bbox 1143 1611 1317 1655; x_wconf 89' lang='lat' dir='ltr'>codicum</span> <span class='ocrx_word' id='word_1_197' title='bbox 1338 1612 1512 1651; x_wconf 81' lang='lat' dir='ltr'>similitu-</span> 
     </span>
     <span class='ocr_line' id='line_1_24' title="bbox 171 1680 1511 1734; baseline -0.001 -12"><span class='ocrx_word' id='word_1_198' title='bbox 171 1684 297 1722; x_wconf 89' lang='lat' dir='ltr'>dinem</span> <span class='ocrx_word' id='word_1_199' title='bbox 319 1681 503 1721; x_wconf 87' lang='lat' dir='ltr'>accedere</span> <span class='ocrx_word' id='word_1_200' title='bbox 523 1680 694 1727; x_wconf 85' lang='lat' dir='ltr'>arbitror,</span> <span class='ocrx_word' id='word_1_201' title='bbox 720 1681 785 1733; x_wconf 88' lang='lat' dir='ltr'>qui</span> <span class='ocrx_word' id='word_1_202' title='bbox 810 1681 940 1734; x_wconf 84' lang='lat' dir='ltr'>quinto</span> <span class='ocrx_word' id='word_1_203' title='bbox 963 1687 1150 1733; x_wconf 85' lang='lat' dir='ltr'>quartove</span> <span class='ocrx_word' id='word_1_204' title='bbox 1178 1682 1309 1721; x_wconf 89' lang='lat' dir='ltr'>seculo</span> <span class='ocrx_word' id='word_1_205' title='bbox 1329 1683 1392 1721; x_wconf 89' lang='lat' dir='ltr'>vel</span> <span class='ocrx_word' id='word_1_206' title='bbox 1414 1684 1511 1722; x_wconf 88' lang='lat' dir='ltr'>sere-</span> 
     </span>
     <span class='ocr_line' id='line_1_25' title="bbox 172 1751 1511 1806; baseline -0.001 -12"><span class='ocrx_word' id='word_1_207' title='bbox 172 1755 308 1794; x_wconf 88' lang='lat' dir='ltr'>bantur</span> <span class='ocrx_word' id='word_1_208' title='bbox 336 1752 398 1792; x_wconf 93' lang='lat' dir='ltr'>vel</span> <span class='ocrx_word' id='word_1_209' title='bbox 417 1751 717 1798; x_wconf 83' lang='lat' dir='ltr'>delitescebant,</span> <span class='ocrx_word' id='word_1_210' title='bbox 758 1764 991 1805; x_wconf 88' lang='lat' dir='ltr'>quamquam</span> <span class='ocrx_word' id='word_1_211' title='bbox 1016 1753 1053 1791; x_wconf 88' lang='lat' dir='ltr'>id</span> <span class='ocrx_word' id='word_1_212' title='bbox 1087 1753 1242 1806; x_wconf 81' lang='lat' dir='ltr'>quidem</span> <span class='ocrx_word' id='word_1_213' title='bbox 1280 1766 1357 1793; x_wconf 90' lang='lat' dir='ltr'>non</span> <span class='ocrx_word' id='word_1_214' title='bbox 1389 1755 1511 1793; x_wconf 87' lang='lat' dir='ltr'>ausim</span> 
     </span>
     <span class='ocr_line' id='line_1_26' title="bbox 171 1824 1509 1878; baseline 0 -14"><span class='ocrx_word' id='word_1_215' title='bbox 171 1826 381 1878; x_wconf 83' lang='lat' dir='ltr'>praefracte</span> <span class='ocrx_word' id='word_1_216' title='bbox 396 1838 548 1877; x_wconf 86' lang='lat' dir='ltr'>negare,</span> <span class='ocrx_word' id='word_1_217' title='bbox 577 1837 691 1877; x_wconf 90' lang='lat' dir='ltr'>posse</span> <span class='ocrx_word' id='word_1_218' title='bbox 719 1824 834 1862; x_wconf 86' lang='lat' dir='ltr'>etiam</span> <span class='ocrx_word' id='word_1_219' title='bbox 859 1824 958 1861; x_wconf 91' lang='lat' dir='ltr'>inter</span> <span class='ocrx_word' id='word_1_220' title='bbox 984 1825 1055 1863; x_wconf 92' lang='lat' dir='ltr'>hos</span> <span class='ocrx_word' id='word_1_221' title='bbox 1083 1838 1159 1864; x_wconf 91' lang='lat' dir='ltr'>non</span> <span class='ocrx_word' id='word_1_222' title='bbox 1185 1825 1420 1878; x_wconf 87' lang='lat' dir='ltr'>subscriptos</span> <span class='ocrx_word' id='word_1_223' title='bbox 1444 1839 1509 1864; x_wconf 90' lang='lat' dir='ltr'>co-</span> 
     </span>
     <span class='ocr_line' id='line_1_27' title="bbox 171 1892 1508 1935; baseline -0.001 0"><span class='ocrx_word' id='word_1_224' title='bbox 171 1896 278 1935; x_wconf 90' lang='lat' dir='ltr'>dices</span> <span class='ocrx_word' id='word_1_225' title='bbox 318 1907 436 1933; x_wconf 91' lang='lat' dir='ltr'>unum</span> <span class='ocrx_word' id='word_1_226' title='bbox 472 1893 535 1932; x_wconf 90' lang='lat' dir='ltr'>vel</span> <span class='ocrx_word' id='word_1_227' title='bbox 569 1893 731 1932; x_wconf 85' lang='lat' dir='ltr'>alterum</span> <span class='ocrx_word' id='word_1_228' title='bbox 758 1892 1040 1932; x_wconf 82' lang='lat' dir='ltr'>Mavortianum</span> <span class='ocrx_word' id='word_1_229' title='bbox 1066 1894 1184 1934; x_wconf 88' lang='lat' dir='ltr'>latere</span> <span class='ocrx_word' id='word_1_230' title='bbox 1211 1897 1445 1934; x_wconf 84' lang='lat' dir='ltr'>acfortasse</span> <span class='ocrx_word' id='word_1_231' title='bbox 1472 1897 1508 1933; x_wconf 91' lang='lat' dir='ltr'>in</span> 
     </span>
     <span class='ocr_line' id='line_1_28' title="bbox 170 1964 1511 2019; baseline -0.001 -13"><span class='ocrx_word' id='word_1_232' title='bbox 170 1967 438 2006; x_wconf 86' lang='lat' dir='ltr'>vetustissimis</span> <span class='ocrx_word' id='word_1_233' title='bbox 477 1967 608 2012; x_wconf 78' lang='lat' dir='ltr'>etiam,</span> <span class='ocrx_word' id='word_1_234' title='bbox 648 1978 745 2017; x_wconf 90' lang='lat' dir='ltr'>quos</span> <span class='ocrx_word' id='word_1_235' title='bbox 777 1964 982 2011; x_wconf 85' lang='lat' dir='ltr'>habemus,</span> <span class='ocrx_word' id='word_1_236' title='bbox 1023 1966 1237 2019; x_wconf 80' lang='lat' dir='ltr'>antiquiora</span> <span class='ocrx_word' id='word_1_237' title='bbox 1265 1965 1511 2005; x_wconf 84' lang='lat' dir='ltr'>Mavortianis</span> 
     </span>
     <span class='ocr_line' id='line_1_29' title="bbox 171 2034 1511 2091; baseline -0.001 -14"><span class='ocrx_word' id='word_1_238' title='bbox 171 2038 284 2077; x_wconf 86' lang='lat' dir='ltr'>mista</span> <span class='ocrx_word' id='word_1_239' title='bbox 311 2049 357 2074; x_wconf 91' lang='lat' dir='ltr'>ac</span> <span class='ocrx_word' id='word_1_240' title='bbox 385 2040 595 2088; x_wconf 82' lang='lat' dir='ltr'>temperata</span> <span class='ocrx_word' id='word_1_241' title='bbox 624 2048 720 2081; x_wconf 89' lang='lat' dir='ltr'>esse,</span> <span class='ocrx_word' id='word_1_242' title='bbox 759 2034 863 2087; x_wconf 86' lang='lat' dir='ltr'>quod</span> <span class='ocrx_word' id='word_1_243' title='bbox 890 2035 1085 2074; x_wconf 89' lang='lat' dir='ltr'>variorum</span> <span class='ocrx_word' id='word_1_244' title='bbox 1122 2037 1306 2076; x_wconf 91' lang='lat' dir='ltr'>librorum</span> <span class='ocrx_word' id='word_1_245' title='bbox 1348 2038 1511 2091; x_wconf 85' lang='lat' dir='ltr'>scriptu-</span> 
     </span>
     <span class='ocr_line' id='line_1_30' title="bbox 171 2106 1510 2160; baseline -0.001 -11"><span class='ocrx_word' id='word_1_246' title='bbox 171 2123 231 2149; x_wconf 86' lang='lat' dir='ltr'>ras</span> <span class='ocrx_word' id='word_1_247' title='bbox 260 2107 444 2147; x_wconf 84' lang='lat' dir='ltr'>miscendi</span> <span class='ocrx_word' id='word_1_248' title='bbox 485 2106 653 2145; x_wconf 85' lang='lat' dir='ltr'>studium</span> <span class='ocrx_word' id='word_1_249' title='bbox 677 2130 727 2136; x_wconf 92' lang='lat'>—</span> <span class='ocrx_word' id='word_1_250' title='bbox 762 2108 1122 2147; x_wconf 82' lang='lat' dir='ltr'>contaminationem</span> <span class='ocrx_word' id='word_1_251' title='bbox 1164 2114 1268 2148; x_wconf 89' lang='lat' dir='ltr'>recte</span> <span class='ocrx_word' id='word_1_252' title='bbox 1294 2110 1433 2148; x_wconf 85' lang='lat' dir='ltr'>dixeris</span> <span class='ocrx_word' id='word_1_253' title='bbox 1455 2132 1510 2160; x_wconf 70' lang='lat'>.—</span> 
     </span>
     <span class='ocr_line' id='line_1_31' title="bbox 172 2176 1511 2232; baseline -0.001 -13"><span class='ocrx_word' id='word_1_254' title='bbox 172 2182 209 2219; x_wconf 91' lang='lat' dir='ltr'>in</span> <span class='ocrx_word' id='word_1_255' title='bbox 241 2176 517 2218; x_wconf 86' lang='lat' dir='ltr'>recentioribus</span> <span class='ocrx_word' id='word_1_256' title='bbox 553 2177 749 2215; x_wconf 89' lang='lat' dir='ltr'>codicibus</span> <span class='ocrx_word' id='word_1_257' title='bbox 784 2176 884 2216; x_wconf 84' lang='lat' dir='ltr'>haud</span> <span class='ocrx_word' id='word_1_258' title='bbox 918 2191 1003 2216; x_wconf 85' lang='lat' dir='ltr'>raro</span> <span class='ocrx_word' id='word_1_259' title='bbox 1038 2180 1343 2232; x_wconf 88' lang='lat' dir='ltr'>deprehenditur.</span> <span class='ocrx_word' id='word_1_260' title='bbox 1403 2179 1511 2217; x_wconf 86' lang='lat' dir='ltr'>Haec</span> 
     </span>
     <span class='ocr_line' id='line_1_32' title="bbox 172 2247 1512 2304; baseline -0.002 -14"><span class='ocrx_word' id='word_1_261' title='bbox 172 2252 204 2290; x_wconf 89' lang='lat' dir='ltr'>si</span> <span class='ocrx_word' id='word_1_262' title='bbox 230 2247 476 2304; x_wconf 87' lang='lat' dir='ltr'>probabiliter</span> <span class='ocrx_word' id='word_1_263' title='bbox 503 2248 692 2301; x_wconf 82' lang='lat' dir='ltr'>disputata</span> <span class='ocrx_word' id='word_1_264' title='bbox 718 2253 807 2287; x_wconf 83' lang='lat' dir='ltr'>sunt</span> <span class='ocrx_word' id='word_1_265' title='bbox 834 2248 944 2297; x_wconf 90' lang='lat' dir='ltr'>(certi</span> <span class='ocrx_word' id='word_1_266' title='bbox 965 2251 1065 2289; x_wconf 91' lang='lat' dir='ltr'>enim</span> <span class='ocrx_word' id='word_1_267' title='bbox 1092 2252 1183 2290; x_wconf 90' lang='lat' dir='ltr'>nihil</span> <span class='ocrx_word' id='word_1_268' title='bbox 1199 2252 1272 2290; x_wconf 90' lang='lat' dir='ltr'>dici</span> <span class='ocrx_word' id='word_1_269' title='bbox 1288 2254 1443 2303; x_wconf 88' lang='lat' dir='ltr'>potest),</span> <span class='ocrx_word' id='word_1_270' title='bbox 1469 2254 1512 2288; x_wconf 93' lang='lat' dir='ltr'>ut</span> 
     </span>
     <span class='ocr_line' id='line_1_33' title="bbox 171 2320 1512 2377; baseline -0.001 -15"><span class='ocrx_word' id='word_1_271' title='bbox 171 2335 329 2376; x_wconf 88' lang='lat' dir='ltr'>operam</span> <span class='ocrx_word' id='word_1_272' title='bbox 356 2321 393 2359; x_wconf 89' lang='lat' dir='ltr'>in</span> <span class='ocrx_word' id='word_1_273' title='bbox 421 2320 571 2359; x_wconf 81' lang='lat' dir='ltr'>familiis</span> <span class='ocrx_word' id='word_1_274' title='bbox 596 2320 781 2359; x_wconf 87' lang='lat' dir='ltr'>librorum</span> <span class='ocrx_word' id='word_1_275' title='bbox 808 2322 1083 2362; x_wconf 92' lang='lat' dir='ltr'>constituendis</span> <span class='ocrx_word' id='word_1_276' title='bbox 1109 2322 1325 2377; x_wconf 89' lang='lat' dir='ltr'>ponendam</span> <span class='ocrx_word' id='word_1_277' title='bbox 1353 2334 1512 2376; x_wconf 85' lang='lat' dir='ltr'>magno-</span> 
     </span>
     <span class='ocr_line' id='line_1_34' title="bbox 172 2391 1511 2449; baseline -0.002 -17"><span class='ocrx_word' id='word_1_278' title='bbox 172 2407 265 2449; x_wconf 88' lang='lat' dir='ltr'>pere</span> <span class='ocrx_word' id='word_1_279' title='bbox 291 2391 515 2445; x_wconf 89' lang='lat' dir='ltr'>impediunt,</span> <span class='ocrx_word' id='word_1_280' title='bbox 539 2392 592 2430; x_wconf 90' lang='lat' dir='ltr'>ita</span> <span class='ocrx_word' id='word_1_281' title='bbox 619 2405 801 2446; x_wconf 83' lang='lat' dir='ltr'>magnum</span> <span class='ocrx_word' id='word_1_282' title='bbox 829 2391 940 2431; x_wconf 91' lang='lat' dir='ltr'>nobis</span> <span class='ocrx_word' id='word_1_283' title='bbox 967 2394 1143 2432; x_wconf 81' lang='lat' dir='ltr'>solatium</span> <span class='ocrx_word' id='word_1_284' title='bbox 1163 2394 1345 2431; x_wconf 81' lang='lat' dir='ltr'>afferunt:</span> <span class='ocrx_word' id='word_1_285' title='bbox 1371 2394 1511 2431; x_wconf 86' lang='lat' dir='ltr'>etenim</span> 
     </span>
     <span class='ocr_line' id='line_1_35' title="bbox 169 2453 1512 2520; baseline -0.001 -16"><span class='ocrx_word' id='word_1_286' title='bbox 169 2453 248 2511; x_wconf 51' lang='lat' dir='ltr'>§ii</span> <span class='ocrx_word' id='word_1_287' title='bbox 276 2464 370 2512; x_wconf 86' lang='lat' dir='ltr'>libri,</span> <span class='ocrx_word' id='word_1_288' title='bbox 400 2466 464 2516; x_wconf 86' lang='lat' dir='ltr'>qui</span> <span class='ocrx_word' id='word_1_289' title='bbox 491 2479 594 2505; x_wconf 86' lang='lat' dir='ltr'>nunc</span> <span class='ocrx_word' id='word_1_290' title='bbox 609 2459 836 2518; x_wconf 57' lang='lat' dir='ltr'>‘&#39;supersunt,</span> <span class='ocrx_word' id='word_1_291' title='bbox 865 2467 999 2518; x_wconf 87' lang='lat' dir='ltr'>partim</span> <span class='ocrx_word' id='word_1_292' title='bbox 1021 2480 1040 2505; x_wconf 88' lang='lat' dir='ltr'>a</span> <span class='ocrx_word' id='word_1_293' title='bbox 1062 2465 1250 2506; x_wconf 85' lang='lat' dir='ltr'>Mavortio</span> <span class='ocrx_word' id='word_1_294' title='bbox 1271 2472 1358 2506; x_wconf 91' lang='lat' dir='ltr'>sunt</span> <span class='ocrx_word' id='word_1_295' title='bbox 1376 2466 1512 2520; x_wconf 86' lang='lat' dir='ltr'>partim</span> 
     </span>
    </p>
   </div>
  </div>
 </body>
</html>
