<?xml version="1.0" encoding="UTF-8"?>
<!DOCTYPE html PUBLIC "-//W3C//DTD XHTML 1.0 Transitional//EN"
    "http://www.w3.org/TR/xhtml1/DTD/xhtml1-transitional.dtd">
<html xmlns="http://www.w3.org/1999/xhtml" xml:lang="en" lang="en">
 <head>
  <title>
</title>
<meta http-equiv="Content-Type" content="text/html;charset=utf-8" />
  <meta name='ocr-system' content='tesseract 3.04.00' />
  <meta name='ocr-capabilities' content='ocr_page ocr_carea ocr_par ocr_line ocrx_word'/>
</head>
<body>
  <div class='ocr_page' id='page_1' title='image "./4738087_0079.png"; bbox 0 0 1669 2839; ppageno 0'>
   <div class='ocr_carea' id='block_1_1' title="bbox 146 160 1510 2513">
    <p class='ocr_par' dir='ltr' id='par_1_1' title="bbox 146 160 1510 2513">
     <span class='ocr_line' id='line_1_1' title="bbox 408 160 1159 218; baseline 0 -15"><span class='ocrx_word' id='word_1_1' title='bbox 408 163 441 203; x_wconf 88' lang='lat' dir='ltr'><strong>si</strong></span> <span class='ocrx_word' id='word_1_2' title='bbox 469 161 560 218; x_wconf 91' lang='lat' dir='ltr'><strong>quid</strong></span> <span class='ocrx_word' id='word_1_3' title='bbox 586 161 800 217; x_wconf 83' lang='lat' dir='ltr'><strong>naufragio.</strong></span> <span class='ocrx_word' id='word_1_4' title='bbox 815 161 929 211; x_wconf 81' lang='lat' dir='ltr'><strong>dedit,</strong></span> <span class='ocrx_word' id='word_1_5' title='bbox 955 160 1159 218; x_wconf 82' lang='lat' dir='ltr'><strong>probatur3</strong></span> 
     </span>
     <span class='ocr_line' id='line_1_2' title="bbox 407 233 910 289; baseline 0 -15"><span class='ocrx_word' id='word_1_6' title='bbox 407 233 550 274; x_wconf 88' lang='lat' dir='ltr'><strong>mullus</strong></span> <span class='ocrx_word' id='word_1_7' title='bbox 578 234 656 273; x_wconf 87' lang='lat' dir='ltr'><strong>iam</strong></span> <span class='ocrx_word' id='word_1_8' title='bbox 683 235 813 289; x_wconf 86' lang='lat' dir='ltr'><strong>gravis</strong></span> <span class='ocrx_word' id='word_1_9' title='bbox 841 240 910 276; x_wconf 84' lang='lat' dir='ltr'><strong>est.</strong></span> 
     </span>
     <span class='ocr_line' id='line_1_3' title="bbox 160 305 1510 363; baseline -0.001 -15"><span class='ocrx_word' id='word_1_10' title='bbox 160 306 336 363; x_wconf 89' lang='lat' dir='ltr'><strong>llludque</strong></span> <span class='ocrx_word' id='word_1_11' title='bbox 372 307 540 347; x_wconf 91' lang='lat' dir='ltr'><strong>studium</strong></span> <span class='ocrx_word' id='word_1_12' title='bbox 576 319 695 361; x_wconf 91' lang='lat' dir='ltr'><strong>quum</strong></span> <span class='ocrx_word' id='word_1_13' title='bbox 730 306 852 346; x_wconf 91' lang='lat' dir='ltr'><strong>semel</strong></span> <span class='ocrx_word' id='word_1_14' title='bbox 887 307 1112 356; x_wconf 83' lang='lat' dir='ltr'><strong>exarsisset,</strong></span> <span class='ocrx_word' id='word_1_15' title='bbox 1150 320 1266 362; x_wconf 91' lang='lat' dir='ltr'><strong>quam</strong></span> <span class='ocrx_word' id='word_1_16' title='bbox 1300 305 1510 347; x_wconf 88' lang='lat' dir='ltr'><strong>incredibili</strong></span> 
     </span>
     <span class='ocr_line' id='line_1_4' title="bbox 163 373 1510 434; baseline -0.003 -14"><span class='ocrx_word' id='word_1_17' title='bbox 163 380 359 434; x_wconf 79' lang='lat' dir='ltr'><strong>diligentia</strong></span> <span class='ocrx_word' id='word_1_18' title='bbox 386 384 508 419; x_wconf 87' lang='lat' dir='ltr'><strong>terras</strong></span> <span class='ocrx_word' id='word_1_19' title='bbox 538 380 738 432; x_wconf 88' lang='lat' dir='ltr'><strong>mariaque</strong></span> <span class='ocrx_word' id='word_1_20' title='bbox 764 381 888 418; x_wconf 87' lang='lat' dir='ltr'><strong>omnia</strong></span> <span class='ocrx_word' id='word_1_21' title='bbox 918 373 1173 433; x_wconf 73' lang='lat' dir='ltr'><strong>per⁴quirenda</strong></span> <span class='ocrx_word' id='word_1_22' title='bbox 1201 379 1435 426; x_wconf 80' lang='lat' dir='ltr'><strong>curaverint,</strong></span> <span class='ocrx_word' id='word_1_23' title='bbox 1467 383 1510 416; x_wconf 89' lang='lat' dir='ltr'><strong>ut</strong></span> 
     </span>
     <span class='ocr_line' id='line_1_5' title="bbox 161 449 1509 505; baseline -0.001 -15"><span class='ocrx_word' id='word_1_24' title='bbox 161 451 354 491; x_wconf 81' lang='lat' dir='ltr'><strong>rarissima</strong></span> <span class='ocrx_word' id='word_1_25' title='bbox 382 464 558 505; x_wconf 87' lang='lat' dir='ltr'><strong>quaeque</strong></span> <span class='ocrx_word' id='word_1_26' title='bbox 587 456 626 489; x_wconf 89' lang='lat' dir='ltr'><strong>et</strong></span> <span class='ocrx_word' id='word_1_27' title='bbox 646 450 813 489; x_wconf 86' lang='lat' dir='ltr'><strong>maxime</strong></span> <span class='ocrx_word' id='word_1_28' title='bbox 831 449 983 489; x_wconf 89' lang='lat' dir='ltr'><strong>insolita</strong></span> <span class='ocrx_word' id='word_1_29' title='bbox 1002 454 1347 504; x_wconf 79' lang='lat' dir='ltr'><strong>comportarentur,</strong></span> <span class='ocrx_word' id='word_1_30' title='bbox 1376 462 1509 503; x_wconf 91' lang='lat' dir='ltr'><strong>quam-</strong></span> 
     </span>
     <span class='ocr_line' id='line_1_6' title="bbox 160 521 1509 577; baseline -0.001 -15"><span class='ocrx_word' id='word_1_31' title='bbox 160 536 237 577; x_wconf 90' lang='lat' dir='ltr'><strong>que</strong></span> <span class='ocrx_word' id='word_1_32' title='bbox 263 527 445 562; x_wconf 88' lang='lat' dir='ltr'><strong>accurate</strong></span> <span class='ocrx_word' id='word_1_33' title='bbox 470 527 722 575; x_wconf 88' lang='lat' dir='ltr'><strong>praeceptum</strong></span> <span class='ocrx_word' id='word_1_34' title='bbox 750 522 881 569; x_wconf 85' lang='lat' dir='ltr'><strong>fuerit,</strong></span> <span class='ocrx_word' id='word_1_35' title='bbox 910 522 1012 561; x_wconf 84' lang='lat' dir='ltr'><strong>unde</strong></span> <span class='ocrx_word' id='word_1_36' title='bbox 1039 521 1208 576; x_wconf 90' lang='lat' dir='ltr'><strong>quidque</strong></span> <span class='ocrx_word' id='word_1_37' title='bbox 1236 521 1509 562; x_wconf 87' lang='lat' dir='ltr'><strong>arcessendum</strong></span> 
     </span>
     <span class='ocr_line' id='line_1_7' title="bbox 159 592 1510 647; baseline -0.001 -13"><span class='ocrx_word' id='word_1_38' title='bbox 159 599 280 643; x_wconf 87' lang='lat' dir='ltr'><strong>esset,</strong></span> <span class='ocrx_word' id='word_1_39' title='bbox 315 594 407 634; x_wconf 87' lang='lat' dir='ltr'><strong>satis</strong></span> <span class='ocrx_word' id='word_1_40' title='bbox 441 599 575 633; x_wconf 89' lang='lat' dir='ltr'><strong>notum</strong></span> <span class='ocrx_word' id='word_1_41' title='bbox 604 599 674 633; x_wconf 90' lang='lat' dir='ltr'><strong>est.</strong></span> <span class='ocrx_word' id='word_1_42' title='bbox 729 592 851 633; x_wconf 81' lang='lat' dir='ltr'><strong>Alteri</strong></span> <span class='ocrx_word' id='word_1_43' title='bbox 884 598 1006 633; x_wconf 89' lang='lat' dir='ltr'><strong>artem</strong></span> <span class='ocrx_word' id='word_1_44' title='bbox 1040 592 1272 633; x_wconf 86' lang='lat' dir='ltr'><strong>adhibebant</strong></span> <span class='ocrx_word' id='word_1_45' title='bbox 1299 607 1417 647; x_wconf 92' lang='lat' dir='ltr'><strong>opum</strong></span> <span class='ocrx_word' id='word_1_46' title='bbox 1444 598 1510 633; x_wconf 79' lang='lat' dir='ltr'><strong>aut</strong></span> 
     </span>
     <span class='ocr_line' id='line_1_8' title="bbox 158 663 1510 720; baseline -0.001 -15"><span class='ocrx_word' id='word_1_47' title='bbox 158 665 343 705; x_wconf 80' lang='lat' dir='ltr'><strong>vicariam</strong></span> <span class='ocrx_word' id='word_1_48' title='bbox 369 671 436 706; x_wconf 90' lang='lat' dir='ltr'><strong>aut</strong></span> <span class='ocrx_word' id='word_1_49' title='bbox 463 666 702 706; x_wconf 90' lang='lat' dir='ltr'><strong>adiutricem.</strong></span> <span class='ocrx_word' id='word_1_50' title='bbox 751 664 854 705; x_wconf 86' lang='lat' dir='ltr'><strong>Nam</strong></span> <span class='ocrx_word' id='word_1_51' title='bbox 890 679 1009 720; x_wconf 90' lang='lat' dir='ltr'><strong>quum</strong></span> <span class='ocrx_word' id='word_1_52' title='bbox 1035 670 1141 706; x_wconf 87' lang='lat' dir='ltr'><strong>recte</strong></span> <span class='ocrx_word' id='word_1_53' title='bbox 1167 664 1391 714; x_wconf 88' lang='lat' dir='ltr'><strong>iudicarent,</strong></span> <span class='ocrx_word' id='word_1_54' title='bbox 1418 663 1510 705; x_wconf 89' lang='lat' dir='ltr'><strong>nihil</strong></span> 
     </span>
     <span class='ocr_line' id='line_1_9' title="bbox 158 739 1509 793; baseline -0.001 -15"><span class='ocrx_word' id='word_1_55' title='bbox 158 739 282 793; x_wconf 87' lang='lat' dir='ltr'><strong>magis</strong></span> <span class='ocrx_word' id='word_1_56' title='bbox 309 739 482 778; x_wconf 83' lang='lat' dir='ltr'><strong>novitate</strong></span> <span class='ocrx_word' id='word_1_57' title='bbox 510 739 713 787; x_wconf 90' lang='lat' dir='ltr'><strong>excellere,</strong></span> <span class='ocrx_word' id='word_1_58' title='bbox 742 751 857 793; x_wconf 85' lang='lat' dir='ltr'><strong>quam</strong></span> <span class='ocrx_word' id='word_1_59' title='bbox 877 752 935 786; x_wconf 91' lang='lat' dir='ltr'><strong>ea,</strong></span> <span class='ocrx_word' id='word_1_60' title='bbox 965 752 1065 793; x_wconf 89' lang='lat' dir='ltr'><strong>quae</strong></span> <span class='ocrx_word' id='word_1_61' title='bbox 1091 739 1219 792; x_wconf 90' lang='lat' dir='ltr'><strong>ipsum</strong></span> <span class='ocrx_word' id='word_1_62' title='bbox 1244 743 1404 778; x_wconf 87' lang='lat' dir='ltr'><strong>naturae</strong></span> <span class='ocrx_word' id='word_1_63' title='bbox 1426 751 1509 777; x_wconf 92' lang='lat' dir='ltr'><strong>mo-</strong></span> 
     </span>
     <span class='ocr_line' id='line_1_10' title="bbox 160 808 1507 858; baseline -0.001 -10"><span class='ocrx_word' id='word_1_64' title='bbox 160 809 252 849; x_wconf 90' lang='lat' dir='ltr'><strong>dum</strong></span> <span class='ocrx_word' id='word_1_65' title='bbox 280 809 515 850; x_wconf 87' lang='lat' dir='ltr'><strong>excederent</strong></span> <span class='ocrx_word' id='word_1_66' title='bbox 542 816 581 849; x_wconf 88' lang='lat' dir='ltr'><strong>et</strong></span> <span class='ocrx_word' id='word_1_67' title='bbox 623 811 810 858; x_wconf 90' lang='lat' dir='ltr'><strong>ordinem,</strong></span> <span class='ocrx_word' id='word_1_68' title='bbox 852 808 974 849; x_wconf 89' lang='lat' dir='ltr'><strong>semel</strong></span> <span class='ocrx_word' id='word_1_69' title='bbox 1013 822 1036 848; x_wconf 87' lang='lat' dir='ltr'><strong>a</strong></span> <span class='ocrx_word' id='word_1_70' title='bbox 1070 813 1205 849; x_wconf 86' lang='lat' dir='ltr'><strong>natura</strong></span> <span class='ocrx_word' id='word_1_71' title='bbox 1247 809 1507 856; x_wconf 87' lang='lat' dir='ltr'><strong>constitutum,</strong></span> 
     </span>
     <span class='ocr_line' id='line_1_11' title="bbox 161 880 1510 935; baseline 0 -15"><span class='ocrx_word' id='word_1_72' title='bbox 161 880 390 935; x_wconf 83' lang='lat' dir='ltr'><strong>migrarent,</strong></span> <span class='ocrx_word' id='word_1_73' title='bbox 426 894 473 920; x_wconf 92' lang='lat' dir='ltr'><strong>eo</strong></span> <span class='ocrx_word' id='word_1_74' title='bbox 503 880 753 930; x_wconf 88' lang='lat' dir='ltr'><strong>devenerunt,</strong></span> <span class='ocrx_word' id='word_1_75' title='bbox 794 887 837 921; x_wconf 86' lang='lat' dir='ltr'><strong>ut</strong></span> <span class='ocrx_word' id='word_1_76' title='bbox 863 881 1134 921; x_wconf 89' lang='lat' dir='ltr'><strong>alimentorum</strong></span> <span class='ocrx_word' id='word_1_77' title='bbox 1162 886 1200 921; x_wconf 87' lang='lat' dir='ltr'><strong>et</strong></span> <span class='ocrx_word' id='word_1_78' title='bbox 1226 894 1321 921; x_wconf 92' lang='lat' dir='ltr'><strong>suco</strong></span> <span class='ocrx_word' id='word_1_79' title='bbox 1347 881 1510 921; x_wconf 84' lang='lat' dir='ltr'><strong>naturali</strong></span> 
     </span>
     <span class='ocr_line' id='line_1_12' title="bbox 162 951 1509 1007; baseline 0 -16"><span class='ocrx_word' id='word_1_80' title='bbox 162 958 201 991; x_wconf 89' lang='lat' dir='ltr'><strong>et</strong></span> <span class='ocrx_word' id='word_1_81' title='bbox 214 953 339 991; x_wconf 84' lang='lat' dir='ltr'><strong>forma</strong></span> <span class='ocrx_word' id='word_1_82' title='bbox 353 951 557 991; x_wconf 88' lang='lat' dir='ltr'><strong>artificiose</strong></span> <span class='ocrx_word' id='word_1_83' title='bbox 572 955 740 1002; x_wconf 87' lang='lat' dir='ltr'><strong>mutatis,</strong></span> <span class='ocrx_word' id='word_1_84' title='bbox 761 954 1013 993; x_wconf 86' lang='lat' dir='ltr'><strong>convivarum</strong></span> <span class='ocrx_word' id='word_1_85' title='bbox 1029 952 1358 1007; x_wconf 86' lang='lat' dir='ltr'><strong>exspectationem</strong></span> <span class='ocrx_word' id='word_1_86' title='bbox 1372 951 1509 993; x_wconf 88' lang='lat' dir='ltr'><strong>callide</strong></span> 
     </span>
     <span class='ocr_line' id='line_1_13' title="bbox 160 1023 1508 1080; baseline 0 -15"><span class='ocrx_word' id='word_1_87' title='bbox 160 1023 363 1065; x_wconf 89' lang='lat' dir='ltr'><strong>eluderent</strong></span> <span class='ocrx_word' id='word_1_88' title='bbox 380 1024 674 1080; x_wconf 85' lang='lat' dir='ltr'><strong>novitatemque</strong></span> <span class='ocrx_word' id='word_1_89' title='bbox 696 1025 882 1067; x_wconf 87' lang='lat' dir='ltr'><strong>adderent</strong></span> <span class='ocrx_word' id='word_1_90' title='bbox 910 1025 1024 1066; x_wconf 87' lang='lat' dir='ltr'><strong>etiam</strong></span> <span class='ocrx_word' id='word_1_91' title='bbox 1046 1025 1264 1074; x_wconf 85' lang='lat' dir='ltr'><strong>notissimis.</strong></span> <span class='ocrx_word' id='word_1_92' title='bbox 1307 1023 1366 1065; x_wconf 90' lang='lat' dir='ltr'><strong>Eo</strong></span> <span class='ocrx_word' id='word_1_93' title='bbox 1384 1026 1423 1065; x_wconf 94' lang='lat' dir='ltr'><strong>in</strong></span> <span class='ocrx_word' id='word_1_94' title='bbox 1441 1039 1508 1080; x_wconf 84' lang='lat' dir='ltr'><strong>ge-</strong></span> 
     </span>
     <span class='ocr_line' id='line_1_14' title="bbox 158 1094 1508 1151; baseline -0.003 -15"><span class='ocrx_word' id='word_1_95' title='bbox 158 1110 253 1136; x_wconf 86' lang='lat' dir='ltr'><strong>nere</strong></span> <span class='ocrx_word' id='word_1_96' title='bbox 280 1095 503 1149; x_wconf 89' lang='lat' dir='ltr'><strong>praeclarus</strong></span> <span class='ocrx_word' id='word_1_97' title='bbox 532 1098 671 1136; x_wconf 80' lang='lat' dir='ltr'><strong>artifex</strong></span> <span class='ocrx_word' id='word_1_98' title='bbox 697 1099 767 1136; x_wconf 87' lang='lat' dir='ltr'><strong>fuit</strong></span> <span class='ocrx_word' id='word_1_99' title='bbox 794 1096 1089 1136; x_wconf 87' lang='lat' dir='ltr'><strong>Trimalchionis</strong></span> <span class='ocrx_word' id='word_1_100' title='bbox 1116 1110 1274 1151; x_wconf 89' lang='lat' dir='ltr'><strong>coquus,</strong></span> <span class='ocrx_word' id='word_1_101' title='bbox 1303 1097 1368 1151; x_wconf 89' lang='lat' dir='ltr'><strong>qui</strong></span> <span class='ocrx_word' id='word_1_102' title='bbox 1395 1095 1444 1133; x_wconf 91' lang='lat' dir='ltr'><strong>ob</strong></span> <span class='ocrx_word' id='word_1_103' title='bbox 1469 1094 1508 1133; x_wconf 84' lang='lat' dir='ltr'><strong>id</strong></span> 
     </span>
     <span class='ocr_line' id='line_1_15' title="bbox 158 1166 1509 1223; baseline -0.002 -15"><span class='ocrx_word' id='word_1_104' title='bbox 158 1170 287 1223; x_wconf 82' lang='lat' dir='ltr'><strong>ipsum</strong></span> <span class='ocrx_word' id='word_1_105' title='bbox 314 1180 552 1223; x_wconf 85' lang='lat' dir='ltr'><strong>magnopere</strong></span> <span class='ocrx_word' id='word_1_106' title='bbox 586 1169 685 1209; x_wconf 88' lang='lat' dir='ltr'><strong>inter</strong></span> <span class='ocrx_word' id='word_1_107' title='bbox 713 1183 877 1210; x_wconf 92' lang='lat' dir='ltr'><strong>coenam</strong></span> <span class='ocrx_word' id='word_1_108' title='bbox 905 1168 1080 1209; x_wconf 87' lang='lat' dir='ltr'><strong>laudatur</strong></span> <span class='ocrx_word' id='word_1_109' title='bbox 1108 1182 1129 1208; x_wconf 88' lang='lat' dir='ltr'><strong>a</strong></span> <span class='ocrx_word' id='word_1_110' title='bbox 1157 1168 1311 1209; x_wconf 91' lang='lat' dir='ltr'><strong>domino</strong></span> <span class='ocrx_word' id='word_1_111' title='bbox 1340 1166 1509 1218; x_wconf 89' lang='lat' dir='ltr'><strong>(Petron.</strong></span> 
     </span>
     <span class='ocr_line' id='line_1_16' title="bbox 160 1238 1509 1295; baseline -0.002 -15"><span class='ocrx_word' id='word_1_112' title='bbox 160 1254 193 1280; x_wconf 93' lang='lat' dir='ltr'><strong>c.</strong></span> <span class='ocrx_word' id='word_1_113' title='bbox 212 1242 262 1279; x_wconf 83' lang='lat'><strong>69</strong></span> <span class='ocrx_word' id='word_1_114' title='bbox 286 1242 372 1295; x_wconf 90' lang='lat' dir='ltr'><strong>sq.).</strong></span> <span class='ocrx_word' id='word_1_115' title='bbox 427 1238 530 1279; x_wconf 92' lang='lat' dir='ltr'><strong>Nam</strong></span> <span class='ocrx_word' id='word_1_116' title='bbox 560 1255 678 1295; x_wconf 93' lang='lat' dir='ltr'><strong>quum</strong></span> <span class='ocrx_word' id='word_1_117' title='bbox 705 1243 854 1295; x_wconf 91' lang='lat' dir='ltr'><strong>positus</strong></span> <span class='ocrx_word' id='word_1_118' title='bbox 883 1247 1002 1288; x_wconf 91' lang='lat' dir='ltr'><strong>esset,</strong></span> <span class='ocrx_word' id='word_1_119' title='bbox 1029 1246 1073 1280; x_wconf 91' lang='lat' dir='ltr'><strong>ut</strong></span> <span class='ocrx_word' id='word_1_120' title='bbox 1099 1241 1287 1280; x_wconf 88' lang='lat' dir='ltr'><strong>convivae</strong></span> <span class='ocrx_word' id='word_1_121' title='bbox 1313 1238 1509 1293; x_wconf 89' lang='lat' dir='ltr'><strong>putabant,</strong></span> 
     </span>
     <span class='ocr_line' id='line_1_17' title="bbox 161 1310 1509 1366; baseline -0.001 -14"><span class='ocrx_word' id='word_1_122' title='bbox 161 1325 274 1352; x_wconf 88' lang='lat' dir='ltr'><strong>anser</strong></span> <span class='ocrx_word' id='word_1_123' title='bbox 301 1311 414 1351; x_wconf 90' lang='lat' dir='ltr'><strong>altilis</strong></span> <span class='ocrx_word' id='word_1_124' title='bbox 443 1312 623 1366; x_wconf 89' lang='lat' dir='ltr'><strong>circaque</strong></span> <span class='ocrx_word' id='word_1_125' title='bbox 651 1312 778 1366; x_wconf 90' lang='lat' dir='ltr'><strong>pisces</strong></span> <span class='ocrx_word' id='word_1_126' title='bbox 807 1318 846 1352; x_wconf 90' lang='lat' dir='ltr'><strong>et</strong></span> <span class='ocrx_word' id='word_1_127' title='bbox 872 1312 1043 1353; x_wconf 92' lang='lat' dir='ltr'><strong>omnium</strong></span> <span class='ocrx_word' id='word_1_128' title='bbox 1071 1325 1214 1366; x_wconf 84' lang='lat' dir='ltr'><strong>genera</strong></span> <span class='ocrx_word' id='word_1_129' title='bbox 1242 1312 1387 1359; x_wconf 90' lang='lat' dir='ltr'><strong>avium,</strong></span> <span class='ocrx_word' id='word_1_130' title='bbox 1423 1310 1509 1351; x_wconf 90' lang='lat' dir='ltr'><strong>Tri-</strong></span> 
     </span>
     <span class='ocr_line' id='line_1_18' title="bbox 159 1383 1509 1439; baseline -0.002 -15"><span class='ocrx_word' id='word_1_131' title='bbox 159 1383 343 1424; x_wconf 85' lang='lat' dir='ltr'><strong>malchio:</strong></span> <span class='ocrx_word' id='word_1_132' title='bbox 383 1384 453 1437; x_wconf 62' lang='lat' dir='ltr'><strong>⁶ita</strong></span> <span class='ocrx_word' id='word_1_133' title='bbox 487 1397 662 1424; x_wconf 87' lang='lat' dir='ltr'><strong>crescam</strong></span> <span class='ocrx_word' id='word_1_134' title='bbox 690 1384 938 1438; x_wconf 91' lang='lat' dir='ltr'><strong>patrimonio,</strong></span> <span class='ocrx_word' id='word_1_135' title='bbox 974 1385 1115 1439; x_wconf 87' lang='lat' dir='ltr'><strong>inquit,</strong></span> <span class='ocrx_word' id='word_1_136' title='bbox 1144 1398 1222 1425; x_wconf 89' lang='lat' dir='ltr'><strong>non</strong></span> <span class='ocrx_word' id='word_1_137' title='bbox 1249 1397 1430 1438; x_wconf 89' lang='lat' dir='ltr'><strong>corpore,</strong></span> <span class='ocrx_word' id='word_1_138' title='bbox 1467 1388 1509 1422; x_wconf 85' lang='lat' dir='ltr'><strong>ut</strong></span> 
     </span>
     <span class='ocr_line' id='line_1_19' title="bbox 158 1456 1509 1511; baseline -0.001 -15"><span class='ocrx_word' id='word_1_139' title='bbox 158 1457 232 1496; x_wconf 90' lang='lat' dir='ltr'><strong>ista</strong></span> <span class='ocrx_word' id='word_1_140' title='bbox 259 1469 379 1496; x_wconf 93' lang='lat' dir='ltr'><strong>cocus</strong></span> <span class='ocrx_word' id='word_1_141' title='bbox 405 1470 517 1496; x_wconf 90' lang='lat' dir='ltr'><strong>meus</strong></span> <span class='ocrx_word' id='word_1_142' title='bbox 544 1457 593 1496; x_wconf 93' lang='lat' dir='ltr'><strong>de</strong></span> <span class='ocrx_word' id='word_1_143' title='bbox 621 1470 740 1511; x_wconf 86' lang='lat' dir='ltr'><strong>porco</strong></span> <span class='ocrx_word' id='word_1_144' title='bbox 770 1457 875 1496; x_wconf 84' lang='lat' dir='ltr'><strong>fecit:</strong></span> <span class='ocrx_word' id='word_1_145' title='bbox 913 1470 990 1496; x_wconf 90' lang='lat' dir='ltr'><strong>non</strong></span> <span class='ocrx_word' id='word_1_146' title='bbox 1024 1461 1154 1510; x_wconf 88' lang='lat' dir='ltr'><strong>potest</strong></span> <span class='ocrx_word' id='word_1_147' title='bbox 1189 1470 1273 1496; x_wconf 90' lang='lat' dir='ltr'><strong>esse</strong></span> <span class='ocrx_word' id='word_1_148' title='bbox 1307 1456 1509 1510; x_wconf 83' lang='lat' dir='ltr'><strong>pretiosior</strong></span> 
     </span>
     <span class='ocr_line' id='line_1_20' title="bbox 164 1526 1509 1581; baseline 0 -15"><span class='ocrx_word' id='word_1_149' title='bbox 164 1527 296 1567; x_wconf 90' lang='lat' dir='ltr'><strong>homo.</strong></span> <span class='ocrx_word' id='word_1_150' title='bbox 325 1528 513 1567; x_wconf 91' lang='lat' dir='ltr'><strong>volueris:</strong></span> <span class='ocrx_word' id='word_1_151' title='bbox 543 1528 592 1567; x_wconf 91' lang='lat' dir='ltr'><strong>de</strong></span> <span class='ocrx_word' id='word_1_152' title='bbox 620 1528 737 1567; x_wconf 85' lang='lat' dir='ltr'><strong>bulba</strong></span> <span class='ocrx_word' id='word_1_153' title='bbox 759 1529 873 1567; x_wconf 84' lang='lat' dir='ltr'><strong>faciet</strong></span> <span class='ocrx_word' id='word_1_154' title='bbox 892 1529 1051 1581; x_wconf 88' lang='lat' dir='ltr'><strong>piscem,</strong></span> <span class='ocrx_word' id='word_1_155' title='bbox 1079 1528 1127 1567; x_wconf 93' lang='lat' dir='ltr'><strong>de</strong></span> <span class='ocrx_word' id='word_1_156' title='bbox 1146 1528 1253 1566; x_wconf 92' lang='lat' dir='ltr'><strong>lardo</strong></span> <span class='ocrx_word' id='word_1_157' title='bbox 1274 1526 1509 1581; x_wconf 89' lang='lat' dir='ltr'><strong>palumbum,</strong></span> 
     </span>
     <span class='ocr_line' id='line_1_21' title="bbox 160 1598 1508 1655; baseline 0.002 -18"><span class='ocrx_word' id='word_1_158' title='bbox 160 1598 209 1638; x_wconf 91' lang='lat' dir='ltr'><strong>de</strong></span> <span class='ocrx_word' id='word_1_159' title='bbox 236 1612 358 1653; x_wconf 86' lang='lat' dir='ltr'><strong>perna</strong></span> <span class='ocrx_word' id='word_1_160' title='bbox 383 1605 586 1647; x_wconf 88' lang='lat' dir='ltr'><strong>turturem,</strong></span> <span class='ocrx_word' id='word_1_161' title='bbox 615 1599 664 1639; x_wconf 91' lang='lat' dir='ltr'><strong>de</strong></span> <span class='ocrx_word' id='word_1_162' title='bbox 687 1599 837 1654; x_wconf 87' lang='lat' dir='ltr'><strong>colepio</strong></span> <span class='ocrx_word' id='word_1_163' title='bbox 860 1598 1059 1655; x_wconf 85' lang='lat' dir='ltr'><strong>gallinam3</strong></span> <span class='ocrx_word' id='word_1_164' title='bbox 1089 1605 1127 1639; x_wconf 92' lang='lat' dir='ltr'><strong>et</strong></span> <span class='ocrx_word' id='word_1_165' title='bbox 1144 1599 1230 1640; x_wconf 93' lang='lat' dir='ltr'><strong>ideo</strong></span> <span class='ocrx_word' id='word_1_166' title='bbox 1248 1600 1401 1654; x_wconf 84' lang='lat' dir='ltr'><strong>ingenio</strong></span> <span class='ocrx_word' id='word_1_167' title='bbox 1421 1613 1508 1640; x_wconf 92' lang='lat' dir='ltr'><strong>meo</strong></span> 
     </span>
     <span class='ocr_line' id='line_1_22' title="bbox 160 1670 1509 1724; baseline 0.002 -15"><span class='ocrx_word' id='word_1_168' title='bbox 160 1671 385 1724; x_wconf 85' lang='lat' dir='ltr'><strong>impositum</strong></span> <span class='ocrx_word' id='word_1_169' title='bbox 414 1678 473 1711; x_wconf 90' lang='lat' dir='ltr'><strong>est</strong></span> <span class='ocrx_word' id='word_1_170' title='bbox 499 1671 552 1711; x_wconf 92' lang='lat' dir='ltr'><strong>illi</strong></span> <span class='ocrx_word' id='word_1_171' title='bbox 578 1685 719 1711; x_wconf 91' lang='lat' dir='ltr'><strong>nomen</strong></span> <span class='ocrx_word' id='word_1_172' title='bbox 747 1670 1016 1719; x_wconf 90' lang='lat' dir='ltr'><strong>bellissimum,</strong></span> <span class='ocrx_word' id='word_1_173' title='bbox 1049 1685 1138 1710; x_wconf 86' lang='lat' dir='ltr'><strong>nam</strong></span> <span class='ocrx_word' id='word_1_174' title='bbox 1166 1670 1364 1711; x_wconf 87' lang='lat' dir='ltr'><strong>Daedalus</strong></span> <span class='ocrx_word' id='word_1_175' title='bbox 1392 1685 1509 1712; x_wconf 89' lang='lat' dir='ltr'><strong>voca-</strong></span> 
     </span>
     <span class='ocr_line' id='line_1_23' title="bbox 159 1741 1508 1792; baseline 0.002 -11"><span class='ocrx_word' id='word_1_176' title='bbox 159 1744 244 1781; x_wconf 91' lang='lat' dir='ltr'><strong>tur.’</strong></span> <span class='ocrx_word' id='word_1_177' title='bbox 285 1742 386 1783; x_wconf 90' lang='lat' dir='ltr'><strong>Sunt</strong></span> <span class='ocrx_word' id='word_1_178' title='bbox 412 1741 510 1782; x_wconf 92' lang='lat' dir='ltr'><strong>haec</strong></span> <span class='ocrx_word' id='word_1_179' title='bbox 537 1756 631 1783; x_wconf 87' lang='lat' dir='ltr'><strong>sane</strong></span> <span class='ocrx_word' id='word_1_180' title='bbox 657 1744 695 1782; x_wconf 92' lang='lat' dir='ltr'><strong>in</strong></span> <span class='ocrx_word' id='word_1_181' title='bbox 722 1744 845 1783; x_wconf 90' lang='lat' dir='ltr'><strong>maius</strong></span> <span class='ocrx_word' id='word_1_182' title='bbox 872 1748 996 1791; x_wconf 88' lang='lat' dir='ltr'><strong>aucta,</strong></span> <span class='ocrx_word' id='word_1_183' title='bbox 1023 1747 1062 1781; x_wconf 91' lang='lat' dir='ltr'><strong>at</strong></span> <span class='ocrx_word' id='word_1_184' title='bbox 1089 1742 1351 1783; x_wconf 85' lang='lat' dir='ltr'><strong>demonstrant</strong></span> <span class='ocrx_word' id='word_1_185' title='bbox 1368 1748 1508 1792; x_wconf 90' lang='lat' dir='ltr'><strong>tamen,</strong></span> 
     </span>
     <span class='ocr_line' id='line_1_24' title="bbox 159 1812 1507 1870; baseline 0.003 -18"><span class='ocrx_word' id='word_1_186' title='bbox 159 1812 295 1853; x_wconf 89' lang='lat' dir='ltr'><strong>similia</strong></span> <span class='ocrx_word' id='word_1_187' title='bbox 327 1827 406 1854; x_wconf 90' lang='lat' dir='ltr'><strong>non</strong></span> <span class='ocrx_word' id='word_1_188' title='bbox 440 1814 618 1853; x_wconf 87' lang='lat' dir='ltr'><strong>inusitata</strong></span> <span class='ocrx_word' id='word_1_189' title='bbox 655 1815 791 1853; x_wconf 82' lang='lat' dir='ltr'><strong>fuisse:</strong></span> <span class='ocrx_word' id='word_1_190' title='bbox 829 1828 875 1854; x_wconf 88' lang='lat' dir='ltr'><strong>ac</strong></span> <span class='ocrx_word' id='word_1_191' title='bbox 908 1828 957 1854; x_wconf 90' lang='lat' dir='ltr'><strong>ne</strong></span> <span class='ocrx_word' id='word_1_192' title='bbox 991 1828 1092 1853; x_wconf 92' lang='lat' dir='ltr'><strong>nunc</strong></span> <span class='ocrx_word' id='word_1_193' title='bbox 1129 1814 1283 1868; x_wconf 86' lang='lat' dir='ltr'><strong>quidem</strong></span> <span class='ocrx_word' id='word_1_194' title='bbox 1310 1816 1425 1870; x_wconf 88' lang='lat' dir='ltr'><strong>plane</strong></span> <span class='ocrx_word' id='word_1_195' title='bbox 1450 1818 1507 1856; x_wconf 91' lang='lat' dir='ltr'><strong>in-</strong></span> 
     </span>
     <span class='ocr_line' id='line_1_25' title="bbox 157 1883 1506 1933; baseline 0.003 -8"><span class='ocrx_word' id='word_1_196' title='bbox 157 1886 286 1926; x_wconf 89' lang='lat' dir='ltr'><strong>audita</strong></span> <span class='ocrx_word' id='word_1_197' title='bbox 307 1890 406 1924; x_wconf 90' lang='lat' dir='ltr'><strong>sunt.</strong></span> <span class='ocrx_word' id='word_1_198' title='bbox 448 1883 702 1926; x_wconf 86' lang='lat' dir='ltr'><strong>Nasidienum</strong></span> <span class='ocrx_word' id='word_1_199' title='bbox 730 1891 871 1933; x_wconf 86' lang='lat' dir='ltr'><strong>autem,</strong></span> <span class='ocrx_word' id='word_1_200' title='bbox 899 1885 1095 1925; x_wconf 92' lang='lat' dir='ltr'><strong>hominem</strong></span> <span class='ocrx_word' id='word_1_201' title='bbox 1110 1884 1404 1927; x_wconf 86' lang='lat' dir='ltr'><strong>Trimalchionis</strong></span> <span class='ocrx_word' id='word_1_202' title='bbox 1430 1902 1506 1929; x_wconf 90' lang='lat' dir='ltr'><strong>non</strong></span> 
     </span>
     <span class='ocr_line' id='line_1_26' title="bbox 159 1956 1507 2010; baseline 0.002 -14"><span class='ocrx_word' id='word_1_203' title='bbox 159 1958 315 1997; x_wconf 88' lang='lat' dir='ltr'><strong>omnino</strong></span> <span class='ocrx_word' id='word_1_204' title='bbox 344 1957 584 2004; x_wconf 88' lang='lat' dir='ltr'><strong>dissimilem,</strong></span> <span class='ocrx_word' id='word_1_205' title='bbox 620 1958 684 2010; x_wconf 90' lang='lat' dir='ltr'><strong>qui</strong></span> <span class='ocrx_word' id='word_1_206' title='bbox 712 1970 789 1996; x_wconf 93' lang='lat' dir='ltr'><strong>non</strong></span> <span class='ocrx_word' id='word_1_207' title='bbox 817 1957 967 1996; x_wconf 90' lang='lat' dir='ltr'><strong>divitias</strong></span> <span class='ocrx_word' id='word_1_208' title='bbox 994 1956 1120 1995; x_wconf 89' lang='lat' dir='ltr'><strong>solum</strong></span> <span class='ocrx_word' id='word_1_209' title='bbox 1154 1970 1261 2005; x_wconf 89' lang='lat' dir='ltr'><strong>suas,</strong></span> <span class='ocrx_word' id='word_1_210' title='bbox 1295 1959 1364 1998; x_wconf 85' lang='lat' dir='ltr'><strong>sed</strong></span> <span class='ocrx_word' id='word_1_211' title='bbox 1393 1960 1507 1999; x_wconf 85' lang='lat' dir='ltr'><strong>etiam</strong></span> 
     </span>
     <span class='ocr_line' id='line_1_27' title="bbox 158 2026 1506 2083; baseline 0.003 -17"><span class='ocrx_word' id='word_1_212' title='bbox 158 2026 391 2081; x_wconf 85' lang='lat' dir='ltr'><strong>elegantiam</strong></span> <span class='ocrx_word' id='word_1_213' title='bbox 420 2030 536 2079; x_wconf 84' lang='lat' dir='ltr'><strong>atque</strong></span> <span class='ocrx_word' id='word_1_214' title='bbox 564 2026 755 2066; x_wconf 88' lang='lat' dir='ltr'><strong>iudicandi</strong></span> <span class='ocrx_word' id='word_1_215' title='bbox 783 2026 1032 2066; x_wconf 89' lang='lat' dir='ltr'><strong>subtilitatem</strong></span> <span class='ocrx_word' id='word_1_216' title='bbox 1061 2028 1234 2067; x_wconf 86' lang='lat' dir='ltr'><strong>convivis</strong></span> <span class='ocrx_word' id='word_1_217' title='bbox 1261 2028 1415 2083; x_wconf 90' lang='lat' dir='ltr'><strong>probari</strong></span> <span class='ocrx_word' id='word_1_218' title='bbox 1437 2044 1506 2071; x_wconf 92' lang='lat' dir='ltr'><strong>vo-</strong></span> 
     </span>
     <span class='ocr_line' id='line_1_28' title="bbox 155 2097 1506 2147; baseline 0.002 -9"><span class='ocrx_word' id='word_1_219' title='bbox 155 2097 276 2146; x_wconf 88' lang='lat' dir='ltr'><strong>lebat,</strong></span> <span class='ocrx_word' id='word_1_220' title='bbox 315 2097 504 2138; x_wconf 91' lang='lat' dir='ltr'><strong>eiusmodi</strong></span> <span class='ocrx_word' id='word_1_221' title='bbox 540 2098 707 2138; x_wconf 85' lang='lat' dir='ltr'><strong>artificiis</strong></span> <span class='ocrx_word' id='word_1_222' title='bbox 735 2100 847 2138; x_wconf 90' lang='lat' dir='ltr'><strong>unice</strong></span> <span class='ocrx_word' id='word_1_223' title='bbox 875 2098 1109 2139; x_wconf 86' lang='lat' dir='ltr'><strong>delectatum</strong></span> <span class='ocrx_word' id='word_1_224' title='bbox 1137 2113 1241 2147; x_wconf 92' lang='lat' dir='ltr'><strong>esse,</strong></span> <span class='ocrx_word' id='word_1_225' title='bbox 1277 2102 1418 2140; x_wconf 92' lang='lat' dir='ltr'><strong>nemini</strong></span> <span class='ocrx_word' id='word_1_226' title='bbox 1449 2103 1506 2141; x_wconf 91' lang='lat' dir='ltr'><strong>in-</strong></span> 
     </span>
     <span class='ocr_line' id='line_1_29' title="bbox 155 2167 1505 2226; baseline 0.003 -17"><span class='ocrx_word' id='word_1_227' title='bbox 155 2167 340 2209; x_wconf 88' lang='lat' dir='ltr'><strong>credibile</strong></span> <span class='ocrx_word' id='word_1_228' title='bbox 368 2168 577 2217; x_wconf 86' lang='lat' dir='ltr'><strong>videbitur,</strong></span> <span class='ocrx_word' id='word_1_229' title='bbox 614 2170 679 2224; x_wconf 92' lang='lat' dir='ltr'><strong>qui</strong></span> <span class='ocrx_word' id='word_1_230' title='bbox 707 2168 857 2210; x_wconf 84' lang='lat' dir='ltr'><strong>Horatii</strong></span> <span class='ocrx_word' id='word_1_231' title='bbox 884 2172 1040 2211; x_wconf 85' lang='lat' dir='ltr'><strong>satiram</strong></span> <span class='ocrx_word' id='word_1_232' title='bbox 1067 2171 1284 2226; x_wconf 86' lang='lat' dir='ltr'><strong>perlegerit.</strong></span> <span class='ocrx_word' id='word_1_233' title='bbox 1339 2171 1409 2211; x_wconf 90' lang='lat' dir='ltr'><strong>His</strong></span> <span class='ocrx_word' id='word_1_234' title='bbox 1438 2187 1505 2213; x_wconf 91' lang='lat' dir='ltr'><strong>ex-</strong></span> 
     </span>
     <span class='ocr_line' id='line_1_30' title="bbox 153 2239 1503 2296; baseline 0.003 -17"><span class='ocrx_word' id='word_1_235' title='bbox 153 2240 317 2293; x_wconf 91' lang='lat' dir='ltr'><strong>plicatis,</strong></span> <span class='ocrx_word' id='word_1_236' title='bbox 333 2240 454 2288; x_wconf 90' lang='lat' dir='ltr'><strong>aliter,</strong></span> <span class='ocrx_word' id='word_1_237' title='bbox 472 2240 546 2279; x_wconf 91' lang='lat' dir='ltr'><strong>nisi</strong></span> <span class='ocrx_word' id='word_1_238' title='bbox 564 2239 686 2287; x_wconf 84' lang='lat' dir='ltr'><strong>fallor,</strong></span> <span class='ocrx_word' id='word_1_239' title='bbox 706 2242 1042 2295; x_wconf 83' lang='lat' dir='ltr'><strong>interpretabimur</strong></span> <span class='ocrx_word' id='word_1_240' title='bbox 1059 2242 1123 2281; x_wconf 91' lang='lat' dir='ltr'><strong>illa</strong></span> <span class='ocrx_word' id='word_1_241' title='bbox 1141 2242 1354 2296; x_wconf 83' lang='lat' dir='ltr'><strong>conchylia,</strong></span> <span class='ocrx_word' id='word_1_242' title='bbox 1367 2244 1503 2296; x_wconf 88' lang='lat' dir='ltr'><strong>pisces,</strong></span> 
     </span>
     <span class='ocr_line' id='line_1_31' title="bbox 153 2311 1503 2366; baseline 0.004 -15"><span class='ocrx_word' id='word_1_243' title='bbox 153 2324 249 2351; x_wconf 90' lang='lat' dir='ltr'><strong>aves</strong></span> <span class='ocrx_word' id='word_1_244' title='bbox 275 2311 408 2366; x_wconf 54' lang='lat' dir='ltr'><strong>‘longe</strong></span> <span class='ocrx_word' id='word_1_245' title='bbox 446 2311 668 2351; x_wconf 90' lang='lat' dir='ltr'><strong>dissimilem</strong></span> <span class='ocrx_word' id='word_1_246' title='bbox 702 2317 795 2352; x_wconf 90' lang='lat' dir='ltr'><strong>noto</strong></span> <span class='ocrx_word' id='word_1_247' title='bbox 834 2312 1042 2354; x_wconf 89' lang='lat' dir='ltr'><strong>celantia</strong></span> <span class='ocrx_word' id='word_1_248' title='bbox 1078 2314 1249 2355; x_wconf 87' lang='lat' dir='ltr'><strong>sucum&#39;:</strong></span> <span class='ocrx_word' id='word_1_249' title='bbox 1285 2319 1367 2354; x_wconf 86' lang='lat' dir='ltr'><strong>erat</strong></span> <span class='ocrx_word' id='word_1_250' title='bbox 1403 2316 1503 2356; x_wconf 91' lang='lat' dir='ltr'><strong>enim</strong></span> 
     </span>
     <span class='ocr_line' id='line_1_32' title="bbox 149 2383 1502 2440; baseline 0.003 -16"><span class='ocrx_word' id='word_1_251' title='bbox 149 2396 231 2424; x_wconf 90' lang='lat' dir='ltr'><strong>non</strong></span> <span class='ocrx_word' id='word_1_252' title='bbox 266 2397 382 2423; x_wconf 91' lang='lat' dir='ltr'><strong>sucus</strong></span> <span class='ocrx_word' id='word_1_253' title='bbox 416 2383 542 2423; x_wconf 90' lang='lat' dir='ltr'><strong>solum</strong></span> <span class='ocrx_word' id='word_1_254' title='bbox 578 2397 713 2423; x_wconf 90' lang='lat' dir='ltr'><strong>eorum</strong></span> <span class='ocrx_word' id='word_1_255' title='bbox 746 2384 950 2425; x_wconf 90' lang='lat' dir='ltr'><strong>artificiose</strong></span> <span class='ocrx_word' id='word_1_256' title='bbox 980 2391 1207 2440; x_wconf 87' lang='lat' dir='ltr'><strong>corruptus,</strong></span> <span class='ocrx_word' id='word_1_257' title='bbox 1235 2386 1304 2425; x_wconf 88' lang='lat' dir='ltr'><strong>sed</strong></span> <span class='ocrx_word' id='word_1_258' title='bbox 1331 2386 1413 2440; x_wconf 87' lang='lat' dir='ltr'><strong>ipse</strong></span> <span class='ocrx_word' id='word_1_259' title='bbox 1440 2387 1502 2427; x_wconf 92' lang='lat' dir='ltr'><strong>hic</strong></span> 
     </span>
     <span class='ocr_line' id='line_1_33' title="bbox 146 2454 1502 2513; baseline 0.001 -17"><span class='ocrx_word' id='word_1_260' title='bbox 146 2469 265 2498; x_wconf 85' lang='lat' dir='ltr'><strong>sucus</strong></span> <span class='ocrx_word' id='word_1_261' title='bbox 286 2454 552 2505; x_wconf 87' lang='lat' dir='ltr'><strong>celabatur,</strong></span> <span class='ocrx_word' id='word_1_262' title='bbox 582 2469 703 2511; x_wconf 90' lang='lat' dir='ltr'><strong>quum</strong></span> <span class='ocrx_word' id='word_1_263' title='bbox 721 2470 771 2497; x_wconf 89' lang='lat' dir='ltr'><strong>ne</strong></span> <span class='ocrx_word' id='word_1_264' title='bbox 782 2470 832 2496; x_wconf 91' lang='lat' dir='ltr'><strong>ex</strong></span> <span class='ocrx_word' id='word_1_265' title='bbox 851 2458 981 2512; x_wconf 87' lang='lat' dir='ltr'><strong>specie</strong></span> <span class='ocrx_word' id='word_1_266' title='bbox 1001 2458 1155 2513; x_wconf 88' lang='lat' dir='ltr'><strong>quidem</strong></span> <span class='ocrx_word' id='word_1_267' title='bbox 1175 2463 1214 2497; x_wconf 88' lang='lat' dir='ltr'><strong>et</strong></span> <span class='ocrx_word' id='word_1_268' title='bbox 1232 2458 1355 2495; x_wconf 82' lang='lat' dir='ltr'><strong>forma</strong></span> <span class='ocrx_word' id='word_1_269' title='bbox 1375 2458 1502 2497; x_wconf 84' lang='lat' dir='ltr'><strong>statim</strong></span> 
     </span>
    </p>
   </div>
  </div>
 </body>
</html>
