1669 2839
92 180 218 237 phieis
236 174 411 217 versibus
440 174 653 216 condendis
669 188 770 217 enm
791 172 1071 216 haesitem
1092 172 1338 223 thamisae,
1364 175 1429 216 vel

95 254 165 294 tn‘a
189 249 286 291 haee
313 245 491 302 exempla
519 246 742 288 docebuntz.
822 263 825 266 ·
1368 275 1371 277 .

249 335 271 361 o
301 321 420 360 decus
446 317 593 358 Phoebi
621 325 658 359 et
682 321 688 371 Ι
712 319 870 375 dapibus
895 319 1065 374 supremi
1080 316 1130 365 Ι.
1143 318 1204 357 32.
1236 320 1293 358 13.

246 391 400 445 sospitis
427 394 582 430 centum
610 396 647 431 et
670 392 676 444 Ι
701 380 835 447 vigiffi
860 391 1036 432 lucernas
1061 389 1106 430 lll
1134 391 1247 430 8.14.

245 463 337 506 dum
365 463 468 501 favet
494 476 572 502 nox
599 469 637 502 et
660 464 666 515 Ι
690 462 824 503 Venus
850 464 863 501 i
888 463 1058 502 seeundo
1085 462 1133 501 111
1165 465 1220 501 11.
1247 464 1310 502 50.

92 537 278 579 Ultimum
304 546 406 588 pono
433 533 537 574 hunc
562 548 735 583 versum,
763 535 828 589 qui
864 535 1037 588 proxime
1064 534 1112 573 ad
1140 534 1238 581 eius,
1277 534 1326 574 de
1353 548 1429 588 quo

95 611 341 662 disputamuS,
369 604 650 645 similitudinem
676 606 843 645 accedit:

248 677 435 730 sospitum
462 689 534 715 vos
553 690 576 715 o
602 677 607 728 Ι
630 677 739 731 pueri
764 682 818 716 eh-
829 675 981 730 puellae
1008 674 1062 715 Ill.
1092 677 1150 715 14.
1180 678 1239 716 10.

92 749 261 802 Longius
293 747 409 786 etiam
445 748 714 801 progrederer,
755 748 827 787 nisi
861 746 1126 801 exemplorum
1165 748 1337 801 paucitas
1369 761 1431 786 me

92 821 282 860 retineret.
339 818 468 868 Quum
495 819 595 858 enim
624 832 668 858 ea
695 818 860 872 syllaba,
904 833 1002 873 quae
1042 821 1217 873 proxima
1257 824 1316 859 est
1340 824 1431 859 ante

94 904 309 937 caesuram,
349 890 415 928 ubi
450 890 631 929 recitatur
670 904 823 938 versus,
863 890 993 944 paullo
1024 892 1146 944 magis
1182 892 1268 929 acui
1308 890 1430 928 soleat

93 948 207 1017 quam
235 965 405 1008 ceterae,
446 966 534 1015 apte
563 966 667 1001 certe
695 961 895 1001 Horatium
928 962 1065 1001 fecisse
1098 962 1371 1008 indicaremus,
1400 961 1431 999 si

94 1038 298 1079 constaret,
328 1046 416 1071 eum
442 1033 737 1083 interiectiones,
766 1034 898 1086 quales
927 1038 1014 1072 sunt
1043 1046 1076 1080 o,
1104 1032 1191 1080 heu,
1226 1032 1334 1077 aliae,
1367 1031 1430 1070 illo

91 1104 334 1159 potissimum
360 1102 447 1143 loco
476 1104 661 1158 posuisse.
715 1102 852 1159 Neque
880 1109 1009 1143 tamen
1040 1103 1078 1143 id
1114 1108 1290 1143 constare
1324 1103 1430 1143 dixe-

90 1177 171 1223 rim,
200 1190 319 1229 quum
344 1180 497 1228 praeter
518 1175 620 1214 hunc
638 1189 793 1214 versum
813 1182 851 1215 et
870 1191 969 1223 eum,
998 1189 1111 1229 quem
1132 1176 1429 1222 emendavimus,

90 1249 159 1287 tria
186 1253 335 1287 tantum
362 1246 538 1300 exempla
565 1247 775 1286 invenerim
802 1247 916 1288 haec:

242 1318 399 1364 Aiacem
426 1323 555 1356 tamen
581 1317 658 1357 heu
681 1319 687 1369 Ι
712 1332 819 1357 serus
847 1318 1040 1357 adulteros
1067 1317 1091 1357 Ι.
1125 1319 1180 1357 15.
1213 1321 1271 1356 19.

241 1394 283 1429 tu
311 1390 449 1428 frustra
475 1389 560 1442 pius
587 1388 663 1429 heu
687 1394 692 1439 Ι
715 1404 792 1430 non
819 1391 870 1429 ita
897 1390 1084 1430 creditum
1112 1388 1138 1429 Ι.
1165 1389 1226 1428 24.
1258 1392 1314 1428 ll.

246 1474 322 1514 quo
350 1461 447 1514 fugit
460 1458 593 1499 Venus
620 1460 697 1500 heu
719 1462 725 1512 Ι
750 1475 877 1515 quove
905 1460 1011 1500 color
1039 1461 1180 1499 decens
1201 1460 1263 1499 lV.
1292 1462 1348 1500 13.
1372 1464 1428 1500 17.

90 1532 150 1571 Ad
167 1532 286 1585 ipsius
315 1532 478 1584 denique
495 1533 767 1571 interiectionis
786 1546 808 1570 ο
829 1533 906 1571 vim
925 1546 970 1570 ac
996 1531 1310 1585 significationem
1326 1534 1430 1585 quod

89 1604 232 1651 attinet,
260 1607 320 1641 est
345 1601 409 1641 illa
436 1616 485 1642 ex
513 1616 559 1641 eo
587 1603 812 1642 vocularum
838 1617 990 1658 genere,
1020 1617 1180 1657 quarum
1209 1604 1256 1642 de
1282 1605 1318 1642 vi
1347 1605 1429 1643 uni-

91 1688 201 1713 verse
229 1675 295 1713 vix
321 1674 527 1727 quicquam
555 1675 722 1728 praecipi
749 1680 893 1728 potest,
933 1676 1113 1728 quoniam
1150 1675 1279 1729 polypi
1317 1677 1430 1714 nimis

90 1744 230 1784 similes
258 1750 363 1792 sunt,
393 1746 474 1797 qui,
516 1750 557 1783 ut
585 1745 635 1784 ait
663 1744 822 1784 Ovidius
855 1745 1007 1784 halieut.
1034 1747 1097 1793 32,
1126 1746 1213 1798 ‘sub
1242 1746 1329 1800 lege
1355 1746 1431 1786 loci

88 1816 203 1855 sumit
230 1820 428 1869 mutatque
456 1814 626 1855 colorem
666 1830 819 1870 semper
847 1818 880 1856 ei
907 1817 1055 1863 similis,
1097 1831 1213 1870 quem
1248 1817 1430 1870 contigit.’

88 1887 174 1928 Hoc
201 1888 317 1942 igitur
354 1887 442 1927 loco
484 1889 654 1927 mirantis
682 1894 721 1927 et
751 1888 886 1928 leviter
920 1888 1148 1942 indignantis
1175 1893 1243 1926 est.
1299 1879 1428 1937 Quum

89 1959 189 1997 enim
218 1971 283 2005 eo,
311 1958 415 2011 quod
452 1959 757 2012 interrogaverat
791 1958 964 2011 ‘sedulus
1009 1957 1131 2004 cur‘?'‚
1173 1956 1426 2010 significasset

87 2029 286 2076 Horatius,
321 2029 553 2081 quaesitiore
581 2034 717 2067 ornatu
743 2029 898 2068 minime
926 2043 1024 2083 opus
1052 2043 1154 2076 esse,
1183 2043 1296 2082 puer,
1325 2030 1430 2083 quod

88 2101 177 2140 facit
203 2100 283 2138 fere
309 2098 348 2137 id
374 2097 571 2138 hominum
597 2113 730 2154 genus,
758 2099 980 2139 vultuose
1007 2102 1100 2154 (quo
1128 2099 1318 2139 vocabulo
1347 2100 1430 2139 Do-

88 2177 201 2212 natus
226 2170 420 2211 interdum
444 2171 576 2223 utitur)
618 2172 681 2211 vel
713 2177 827 2227 gestu
860 2171 986 2226 aliquo
1016 2171 1217 2211 oblocutus
1245 2176 1319 2210 est:
1359 2171 1430 2211 ho-

88 2249 241 2283 nestum
259 2257 300 2282 se
314 2241 573 2282 ‘honestissimi
592 2244 663 2283 viri
681 2258 837 2285 servum
852 2257 949 2291 esse,
968 2256 1093 2296 neque
1112 2242 1189 2281 ullo
1205 2242 1274 2281 sibi
1294 2249 1430 2283 ornatu

88 2315 284 2369 indignum
316 2314 446 2353 videri.
501 2314 603 2353 Tum
630 2315 787 2355 demum
811 2317 863 2355 ita
891 2316 1017 2369 pergit
1043 2314 1234 2353 dominus:
1270 2329 1310 2367 ιο
1340 2317 1430 2368 quid

90 2385 296 2427 mussitas?
336 2387 431 2426 scito
459 2392 681 2426 tesservum
710 2401 806 2435 esse,
835 2392 874 2427 et
901 2400 962 2425 me
989 2384 1102 2424 hodie
1143 2385 1221 2424 suh.
1244 2391 1324 2425 arta
1354 2388 1429 2425 vite

89 2462 242 2510 potare,
272 2457 377 2499 nullo
418 2459 638 2513 operosiore
673 2465 859 2512 apparatu
886 2457 1076 2498 adhibito)
1132 2459 1302 2512 Apparet
1330 2459 1428 2497 enim
